@article{bergstrom1986private,
  title={{On the Private Provision of Public Goods}},
  author={Bergstrom, Theodore and Blume, Lawrence and Varian, Hal},
  journal={{Journal of Public Economics}},
  volume={29},
  number={1},
  pages={25--49},
  year={1986},
  publisher={Elsevier}
}

@book{ramalho1979mundo,
  title={O mundo do crime},
  author={Ramalho, Jos{\'e} Ricardo},
  publisher={Graal},
  year={1979}
}

@article{fleisher2001overview,
  title={{An Overview of the Challenge of Prison Gangs}},
  author={Fleisher, Mark S and Decker, Scott H},
  journal={Corrections Management Quarterly},
  volume={5},
  pages={1--9},
  year={2001},
  publisher={ASPEN}
}

@book{olson1965logic,
  title={{The Logic of Collective Action: Public Goods and the Theory of Groups}},
  author={Olson, Mancur},
  year={1965},
  publisher={Harvard University Press}
}

@article{prakash2007collective,
  title={{Collective Action through Voluntary Environmental Programs: A Club Theory Perspective}},
  author={Prakash, Aseem and Potoski, Matthew},
  journal={Policy Studies Journal},
  volume={35},
  number={4},
  pages={773--792},
  year={2007},
  publisher={Wiley Online Library}
}

@book{haysom1981towards,
  title={{Towards an Understanding of Prison Gangs}},
  author={Haysom, Nicholas},
  year={1981},
  publisher={Institute of Criminology, University of Cape Town}
}

@book{mccarty2007political,
  title={{Political Game Theory: An Introduction}},
  author={McCarty, Nolan and Meirowitz, Adam},
  year={2007},
  publisher={Cambridge University Press}
}

@book{ordeshook1986game,
  title={{Game Theory and Political Theory: An Introduction}},
  author={Ordeshook, Peter C},
  year={1986},
  publisher={Cambridge University Press}
}

@article{goodman1961snowball,
  title={{Snowball Sampling}},
  author={Goodman, Leo A},
  journal={The Annals of Mathematical Statistics},
  volume={32},
  number={1},
  pages={148--170},
  year={1961},
  publisher={Institute of Mathematical Statistics}
}

@article{bagley2013evolution,
  title={{The Evolution of Drug Trafficking and Organized Crime in Latin America}},
  author={Bagley, Bruce},
  journal={Sociologia, Problemas e Pr{\'a}ticas},
  number={71},
  pages={99--123},
  year={2013},
  publisher={Editora Mundos Sociais}
}

@article{johnson2013introduction,
  title={{Introduction: Murder and Violence in Modern Latin America}},
  author={Johnson, Eric A and Salvatore, Ricardo D and Spierenburg, Pieter},
  journal={Bulletin of Latin American Research},
  volume={32},
  number={s1},
  pages={1--11},
  year={2013},
  publisher={Wiley Online Library}
}

@book{morton2010experimental,
  title={Experimental political science and the study of causality: From nature to the lab},
  author={Morton, Rebecca B and Williams, Kenneth C},
  year={2010},
  publisher={Cambridge University Press}
}

@book{druckman2011cambridge,
  title={Cambridge handbook of experimental political science},
  author={Druckman, James N and Green, Donald P and Kuklinski, James H and Lupia, Arthur},
  year={2011},
  publisher={Cambridge University Press}
}

@book{gelman2014bayesian,
  title={{Bayesian Data Analysis}},
  author={Gelman, Andrew and Carlin, John B and Stern, Hal S and Rubin, Donald B},
  year={2014},
  publisher={Taylor \& Francis}
}

@inproceedings{plummer2003jags,
  title={{JAGS: A Program for Analysis of Bayesian Graphical Models using Gibbs Sampling}},
  author={Plummer, Martyn and others},
  booktitle={{Proceedings of the 3rd International Workshop on Distributed Statistical Computing}},
  volume={124},
  pages={125},
  year={2003},
  organization={Vienna}
}

@manual{stan-manual:2014,
  author = {{Stan Development Team}},
  year = {2014},
  title = {{Stan Modeling Language Users Guide and Reference Manual,
           Version 2.5.0}},
  url = {http://mc-stan.org/}
}
@article{fox2001bayesian,
  title={{Bayesian Estimation of a Multilevel IRT Model using Gibbs Sampling}},
  author={Fox, Jean-Paul and Glas, Cees AW},
  journal={Psychometrika},
  volume={66},
  number={2},
  pages={271--288},
  year={2001},
  publisher={Springer}
}

@article{bullock2011statistical,
  title={{Statistical Analysis of Endorsement Experiments: Measuring Support for Militant Groups in Pakistan}},
  author={Bullock, Will and Imai, Kosuke and Shapiro, Jacob N},
  journal={Political Analysis},
  volume={19},
  number={4},
  pages={363--384},
  year={2011},
  publisher={SPM-PMSAPSA}
}

@techreport{rosenfeld2014empirical,
  title={An empirical validation study of popular survey methodologies for sensitive questions},
  author={Rosenfeld, Bryn and Imai, Kosuke and Shapiro, Jacob},
  year={2014},
  institution={Working paper}
}

@article{imai2011multivariate,
  title={{Multivariate Regression Analysis for the Item Count Technique}},
  author={Imai, Kosuke},
  journal={Journal of the American Statistical Association},
  volume={106},
  number={494},
  pages={407--416},
  year={2011},
  publisher={Taylor \& Francis}
}

@book{misse2006crime,
  title={{Crime e Viol{\^e}ncia no Brasil Contempor{\^a}neo: Estudos de Sociologia do Crime e da Viol{\^e}ncia Urbana}},
  author={Misse, Michel},
  year={2006},
  publisher={Editora Lumen Juris}
}

@article{king2014power,
  title={{Power, Control, and Symbiosis in Brazilian Prisons}},
  author={King, Roy D and Valensia, Bruna},
  journal={South Atlantic Quarterly},
  volume={113},
  number={3},
  pages={503--528},
  year={2014},
  publisher={Duke Univ Press}
}

@article{zaluar1999debate,
  title={{Um Debate Disperso: Viol{\^e}ncia e Crime no Brasil da Redemocratiza{\c{c}}{\~a}o}},
  author={Zaluar, Alba},
  journal={S{\~a}o Paulo em Perspectiva},
  volume={13},
  number={3},
  pages={3--17},
  year={1999},
  publisher={SciELO Brasil}
}

@article{darke2013inmate,
  title={{Inmate Governance in Brazilian Prisons}},
  author={Darke, Sacha},
  journal={The Howard Journal of Criminal Justice},
  volume={52},
  number={3},
  pages={272--284},
  year={2013},
  publisher={Wiley Online Library}
}

@article{delisi2004gang,
  title={{Gang Members, Career Criminals and Prison Violence: Further Specification of the Importation Model of Inmate Behavior}},
  author={DeLisi, Matt and Berg, Mark T and Hochstetler, Andy},
  journal={Criminal Justice Studies},
  volume={17},
  number={4},
  pages={369--383},
  year={2004},
  publisher={Taylor \& Francis}
}

@book{angrist2008mostly,
  title={{Mostly Harmless Econometrics: An Empiricist's Companion}},
  author={Angrist, Joshua D and Pischke, J{\"o}rn-Steffen},
  year={2008},
  publisher={Princeton University Press}
}

@article{janssen2006empirically,
  title={{Empirically Based, Agent-Based Models}},
  author={Janssen, Marco A and Ostrom, Elinor},
  journal={Ecology and Society},
  volume={11},
  number={2},
  pages={37},
  year={2006}
}

@article{zellner2014advancing,
  title={{Advancing Collective Decision-Making Theory with Integrated Agent-Based Modeling and Ethnographic Data Analysis: An Example in Ecological Restoration}},
  author={Zellner, Moira and Watkins, Cristy and Massey, Dean and Westphal, Lynne and Brooks, Jeremy and Ross, Kristen},
  journal={Journal of Artificial Societies and Social Simulation},
  volume={17},
  number={4},
  year={2014},
  publisher={Journal of Artificial Societies and Social Simulation}
}

@book{schelling2006strategies,
  title={{Strategies of Commitment and Other Essays}},
  author={Schelling, Thomas C},
  year={2006},
  publisher={Harvard University Press}
}

@article{clark2008understanding,
  title={{Understanding the Social Context of the Schelling Segregation Model}},
  author={Clark, William AV and Fossett, Mark},
  journal={Proceedings of the National Academy of Sciences},
  volume={105},
  number={11},
  pages={4109--4114},
  year={2008},
  publisher={National Acad Sciences}
}

@article{ho2007matching,
  title={{Matching as Nonparametric Preprocessing for Reducing Model Dependence in Parametric Causal Inference}},
  author={Ho, Daniel E and Imai, Kosuke and King, Gary and Stuart, Elizabeth A},
  journal={Political analysis},
  volume={15},
  number={3},
  pages={199--236},
  year={2007},
  publisher={Oxford University Press}
}

@article{axelrod1997dissemination,
  title={{The Dissemination of Culture a Model with Local Convergence and Global Polarization}},
  author={Axelrod, Robert},
  journal={Journal of conflict resolution},
  volume={41},
  number={2},
  pages={203--226},
  year={1997},
  publisher={Sage Publications}
}

@article{srbljinovic2003agent,
  title={{An Agent-Based Model of Ethnic Mobilisation}},
  author={Srbljinovic, Armano and Penzar, Drazen and Rodik, Petra and Kardov, Kruno},
  journal={Journal of Artificial Societies and Social Simulation},
  volume={6},
  number={1},
  pages={1},
  year={2003},
  publisher={Journal of Artificial Societies and Social Simulation}
}

@article{bhavnani2006ethnic,
  title={{Ethnic Norms and Interethnic Violence: Accounting for Mass Participation in the Rwandan Genocide}},
  author={Bhavnani, Ravi},
  journal={Journal of Peace Research},
  volume={43},
  number={6},
  pages={651--669},
  year={2006},
  publisher={Sage Publications}
}

@article{epstein2002modeling,
  title={{Modeling Civil Violence: An Agent-Based Computational Approach}},
  author={Epstein, Joshua M},
  journal={Proceedings of the National Academy of Sciences of the United States of America},
  volume={99},
  number={3},
  pages={7243--7250},
  year={2002},
  publisher={National Acad Sciences}
}

@article{winterdyk2010managing,
  title={{Managing Prison Gangs: Results from a Survey of US Prison Systems}},
  author={Winterdyk, John and Ruddell, Rick},
  journal={Journal of Criminal Justice},
  volume={38},
  number={4},
  pages={730--736},
  year={2010},
  publisher={Elsevier}
}

@ONLINE{ig2014numeropresos,
author = {{IG}},
title = {{Estado de S\~{a}o Paulo Tem Mais de um Ter√ßo dos Presos do Pa\'{i}s}},
year = {2014},
url = {http://ultimosegundo.ig.com.br/brasil/2014-07-15/estado-de-sao-paulo-tem-mais-de-um-terco-dos-presos-do-pais.html},
urldate = {2014-07-15}
}

@book{gambetta1996sicilian,
  title={{The Sicilian Mafia: The Business of Private Protection}},
  author={Gambetta, Diego},
  year={1996},
  publisher={Harvard University Press}
}


@article{dixit2011game,
  title={{A Game-Theoretic Perspective on Diego Gambetta's Codes of the Underworld}},
  author={Dixit, Avinash},
  journal={Global Crime},
  volume={12},
  number={2},
  pages={134--145},
  year={2011},
  publisher={Taylor \& Francis}
}

@book{hayek1960constitution,
  title={{The Constitution of Liberty}},
  author={Hayek, Friedrich August},
  year={1960},
  publisher={Routledge}
}

@book{hayek1988fatal,
  title={{The Fatal Conceit: The Errors of Socialism}},
  author={Hayek, Friedrich August},
  year={1988},
  publisher={University of Chicago Press}
}

@article{cressey1967methodological,
  title={{Methodological Problems in the Study of Organised Crime as a Social Problem}},
  author={Cressey, Donald R},
  journal={The Annals of the American Academy of Political and Social Science},
  volume={374},
  number={1},
  pages={101--112},
  year={1967},
  publisher={Sage Publications}
}

@article{furukawa2008pcc,
  title={{O PCC e a Gest{\~a}o dos Pres{\'\i}dios em S{\~a}o Paulo}},
  author={Furukawa, Nagashi},
  journal={Novos Estudos-CEBRAP},
  number={80},
  pages={21--41},
  year={2008},
  publisher={SciELO Brasil}
}

@book{souza2007pcc,
  title={{PCC: A Fac{\c{c}}{\~a}o}},
  author={Souza, Fatima},
  year={2007},
  publisher={Editora Record}
}

@article{salla2006rebelioes,
  title={{As Rebeli{\~o}es nas Pris{\~o}es: Novos Significados a Partir da Experi{\^e}ncia Brasileira}},
  author={Salla, Fernando},
  journal={Sociologias},
  number={16},
  pages={274--307},
  year={2006},
  publisher={SciELO Brasil}
}

@book{porto2007crime,
  title={{Crime Organizado e Sistema Prisional}},
  author={Porto, Roberto},
  year={2007},
  publisher={Editora Atlas}
}

@book{jozino2004cobras,
  title={{Cobras e Lagartos}},
  author={Jozino, Josmar},
  year={2004},
  publisher={Editora Objetiva}
}

@article{mingardi2007trabalho,
  title={{O Trabalho da Intelig{\^e}ncia no Controle do Crime Organizado}},
  author={Mingardi, Guaracy},
  journal={Estudos Avan{\c{c}}ados},
  volume={21},
  number={61},
  pages={51--69},
  year={2007},
  publisher={SciELO Brasil}
}

@article{lessing2008facccoes,
  title={As fac{\c{c}}{\~o}es cariocas em perspectiva comparativa},
  author={Lessing, Benjamin},
  journal={Novos Estudos-CEBRAP},
  number={80},
  pages={43--62},
  year={2008},
  publisher={SciELO Brasil}
}

@book{roberts2014prison,
  title={Prison Gangs: Organized Crime Behind Bars},
  author={Roberts, Walter},
  year={2014},
  publisher={RW Press}
}


@article{adorno2007organized,
  title={{Criminalidade Organizada nas Pris{\~o}es e os Ataques do PCC}},
  author={Adorno, S{\'e}rgio and Salla, Fernando},
  journal={Estudos Avan{\c{c}}ados},
  volume={21},
  number={61},
  pages={7--29},
  year={2007},
  publisher={SciELO Brasil}
}

@article{decker2007understanding,
  title={{Understanding the Black Box of Gang Organization: Implications for Involvement in Violent Crime, Drug Sales, and Violent Victimization}},
  author={Decker, Scott H and Katz, Charles M and Webb, Vincent J},
  journal={Crime \& Delinquency},
  year={2007},
  publisher={Sage Publications}
}

@article{schelling1971business,
  title={{What Is the Business of Organized Crime?}},
  author={Schelling, Thomas C},
  journal={The American Scholar},
  pages={643--652},
  year={1971},
  publisher={JSTOR}
}

@article{lotter1988prison,
  title={{Prison Gangs in South Africa: A Description}},
  author={L{\"o}tter, JM},
  journal={South African Journal of Sociology},
  volume={19},
  number={2},
  pages={67--75},
  year={1988},
  publisher={Taylor \& Francis}
}

@article{fleisher2001overview,
  title={An overview of the challenge of prison gangs},
  author={Fleisher, Mark S and Decker, Scott H},
  journal={Corrections Management Quarterly},
  volume={5},
  pages={1--9},
  year={2001},
  publisher={ASPEN}
}

@book{skarbek2014social,
  title={{The Social Order of the Underworld: How Prison Gangs Govern the American Penal System}},
  author={Skarbek, David},
  year={2014},
  publisher={Oxford University Press}
}

@book{marx2012achtzehnte,
  title={{Der achtzehnte Brumaire des Louis Bonaparte (Erweiterte Ausgabe)}},
  author={Marx, Karl},
  year={2012 [1852]},
  publisher={Jazzybee Verlag}
}

@article{skarbek2012prison,
  title={{Prison Gangs, Norms, and Organizations}},
  author={Skarbek, David},
  journal={Journal of Economic Behavior \& Organization},
  volume={82},
  number={1},
  pages={96--109},
  year={2012},
  publisher={Elsevier}
}

@article{de2005quality,
  title={{The Quality of Terror}},
  author={De Mesquita, Ethan Bueno},
  journal={American Journal of Political Science},
  volume={49},
  number={3},
  pages={515--530},
  year={2005},
  publisher={Wiley Online Library}
}

@book{merton1973sociology,
  title={{The Sociology of Science: Theoretical and Empirical Investigations}},
  author={Merton, Robert K},
  year={1973},
  publisher={University of Chicago press}
}

@article{little2012explanatory,
  title={{Explanatory Autonomy and Coleman's Boat}},
  author={Little, Daniel},
  journal={Theoria. Revista de Teor{\'\i}a, Historia y Fundamentos de la Ciencia},
  volume={27},
  number={2},
  pages={137--151},
  year={2012}
}

@article{little1991varieties,
  title={{Varieties of Social Explanation: An Introduction to the Philosophy of Social Science}},
  author={Little, Daniel},
  year={1991}
}

@incollection{fricker2006game,
  title={{Game Theory in an Age of Terrorism: How Can Statisticians Contribute?}},
  author={Fricker Jr, Ronald D},
  booktitle={Statistical Methods in Counterterrorism},
  pages={3--7},
  year={2006},
  publisher={Springer}
}

@book{weber2012protestantische,
  title={{Die Protestantische Ethik und der Geist des Kapitalismus (Erweiterte Ausgabe)}},
  author={Weber, Max},
  year={2012 [1905]},
  publisher={Jazzybee Verlag}
}

@book{de1842democratie,
  title={{De la D{\'e}mocratie en Am{\'e}rique}},
  author={De Tocqueville, Alexis},
  year={1835},
  publisher={Ch. Gosselin}
}

@article{barbera2006star,
  title={{A Star is Born? The Authors, Principles and Objectives of Analytical Sociology}},
  author={Barbera, Filippo},
  journal={Papers: revista de sociologia},
  number={80},
  pages={31--50},
  year={2006}
}

@incollection{hedstrom2009analytical,
  title={{What Is Analytical Sociology All About? An Introductory Essay}},
  author={Hedstr{\"o}m, Peter and Bearman, Peter},
  booktitle={The Oxford handbook of analytical sociology},
  pages={3--24},
  year={2009}
}

@book{weisel2002contemporary,
  title={{Contemporary Gangs: An Organizational Analysis}},
  author={Weisel, Deborah Lamm},
  year={2002},
  publisher={LFB Scholarly Publishing LLC}
}

@article{ostrom2000crowding,
  title={{Crowding out Citizenship}},
  author={Ostrom, Elinor},
  journal={Scandinavian Political Studies},
  volume={23},
  number={1},
  pages={3--16},
  year={2000},
  publisher={Wiley Online Library}
}

@book{de2005computational,
  title={{Computational and Mathematical Modeling in the Social Sciences}},
  author={De Marchi, Scott},
  year={2005},
  publisher={Cambridge University Press}
}

@book{bates1981markets,
  title={{Markets and States in Tropical Africa: The Political Basis of Agricultural Policies}},
  author={Bates, Robert H},
  year={1981},
  publisher={University of California Press}
}

@book{herbst2000states,
  title={{States and Power in Africa: Comparative Lessons in Authority and Control}},
  author={Herbst, Jeffrey},
  year={2000},
  publisher={Princeton University Press}
}

@article{ostrom2000collective,
  title={{Collective Action and the Evolution of Social Norms}},
  author={Ostrom, Elinor},
  journal={The Journal of Economic Perspectives},
  pages={137--158},
  year={2000},
  publisher={JSTOR}
}

@incollection{baldassarri2009collective,
  title={{Collective Action}},
  author={Baldassarri, Delia},
  booktitle={The Oxford handbook of analytical sociology},
  pages={391--418},
  year={2009},
  publisher={Oxford University Press}
}

@incollection{gambetta2009signaling,
  title={{Signaling}},
  author={Diego Gambetta},
  booktitle={The Oxford handbook of analytical sociology},
  pages={168--194},
  year={2009},
  publisher={Oxford University Press}
}

@book{abbott2001time,
  title={{Time Matters: On Theory and Method}},
  author={Abbott, Andrew},
  year={2001},
  publisher={University of Chicago Press}
}

@book{imbens2009causal,
  title={{Causal Inference in Statistics, and in the Social and Biomedical Sciences}},
  author={Imbens, Guido and Rubin, Donald B},
  publisher={Oxford University Press},
  year={2009}
}

@book{axelrod1997complexity,
  title={{The Complexity of Cooperation: Agent-Based Models of Competition and Collaboration}},
  author={Axelrod, Robert M},
  year={1997},
  publisher={Princeton University Press}
}

@book{epstein2006generative,
  title={{Generative Social Science: Studies in Agent-Based Computational Modeling}},
  author={Epstein, Joshua M},
  year={2006},
  publisher={Princeton University Press}
}

@article{bonabeau2002agent,
  title={{Agent-Based Modeling: Methods and Techniques for Simulating Human Systems}},
  author={Bonabeau, Eric},
  journal={Proceedings of the National Academy of Sciences of the United States of America},
  volume={99},
  number={Suppl 3},
  pages={7280--7287},
  year={2002},
  publisher={National Acad Sciences}
}

@article{macy2002factors,
  title={{From Factors to Actors: Computational Sociology and Agent-Based Modeling}},
  author={Macy, Michael W and Willer, Robert},
  journal={Annual review of sociology},
  pages={143--166},
  year={2002},
  publisher={JSTOR}
}

@article{hedstrom2010causal,
  title={{Causal Mechanisms in the Social Sciences}},
  author={Hedstr{\"o}m, Peter and Ylikoski, Petri},
  journal={Annual Review of Sociology},
  volume={36},
  pages={49--67},
  year={2010},
  publisher={Annual Reviews}
}

@article{rubin2005causal,
  title={{Causal Inference Using Potential Outcomes}},
  author={Rubin, Donald B},
  journal={Journal of the American Statistical Association},
  volume={100},
  number={469},
  year={2005}
}

@book{morgan2007counterfactuals,
  title={{Counterfactuals and Causal Inference: Methods and Principles for Social Research}},
  author={Morgan, Stephen L and Winship, Christopher},
  year={2007},
  publisher={Cambridge University Press}
}

@book{hedstrom2005dissecting,
  title={{Dissecting the Social: On the Principles of Analytical Sociology}},
  author={Hedstr{\"o}m, Peter},
  year={2005},
  publisher={Cambridge University Press}
}

@techreport{rosenfeld2014empirical,
  title={An empirical validation study of popular survey methodologies for sensitive questions},
  author={Rosenfeld, Bryn and Imai, Kosuke and Shapiro, Jacob},
  year={2014},
  institution={Working paper}
}

@article{blair2014comparing,
  title={{Comparing and Combining List and Endorsement Experiments: Evidence from Afghanistan}},
  author={Blair, Graeme and Imai, Kosuke and Lyall, Jason},
  journal={American Journal of Political Science},
  volume={58},
  number={4},
  pages={1043--1063},
  year={2014},
  publisher={Wiley Online Library}
}

@article{holland1986statistics,
  title={{Statistics and Causal Inference}},
  author={Holland, Paul W},
  journal={Journal of the American statistical Association},
  volume={81},
  number={396},
  pages={945--960},
  year={1986},
  publisher={Taylor \& Francis}
}

@article{johnston2010sampling,
  title={Sampling hard-to-reach populations with respondent driven sampling},
  author={Johnston, Lisa G and Sabin, Keith},
  journal={Methodological innovations online},
  volume={5},
  number={2},
  pages={38--48},
  year={2010}
}

@misc{dias2011pulverizaccao,
  title={{Da Pulveriza{\c{c}}{\~a}o ao Monop{\'o}lio da Viol{\^e}ncia: Expans{\~a}o e Consolida{\c{c}}{\~a}o da Domina{\c{c}}{\~a}o do PCC no Sistema Carcer{\'a}rio Paulista}},
  author={Dias, Camila Caldeira Nunes},
  year={2011},
  publisher={Faculdade de Filosofia, Letras e Ci{\^e}ncias Humanas, Universidade de S{\~a}o Paulo}
}

@book{ostrom1990governing,
  title={{Governing the Commons: The Evolution of Institutions for Collective Action}},
  author={Ostrom, Elinor},
  year={1990},
  publisher={Cambridge University Press}
}


@book{schepel2005constitution,
  title={{The Constitution of Private Governance: Product Standards in the Regulation of Integrating Markets}},
  author={Schepel, Harm},
  year={2005},
  publisher={Hart Publishing}
}


@article{helmke2003informal,
author={Helmke, Gretchen and Levitsky, Steven},
title={{Informal Institutions and Comparative Politics: A Research Agenda}},
journal={Perspectives on Politics},
year={2004},
volume = {2},
number = {4},
pages = {725--740},
}

@article{jackson2003warlords,
  title={{Warlords as Alternative Forms of Governance}},
  author={Jackson, Paul},
  journal={Small Wars and Insurgencies},
  volume={14},
  number={2},
  pages={131--150},
  year={2003},
}

@article{sheptycki2003governance,
  title={{The Governance of Organised Crime in Canada}},
  author={Sheptycki, James},
  journal={Canadian Journal of Sociology/Cahiers Canadiens de Sociologie},
  pages={489--516},
  year={2003},
  publisher={JSTOR}
}

@article{williams2002cooperation,
  title={{Cooperation Among Criminal Organizations}},
  author={Williams, Phil},
  journal={Transnational Organized Crime and International Security},
  pages={67--80},
  year={2002}
}

@article{von2004organized,
  title={{Organized Crime and Trust: On the Conceptualization and Empirical Relevance of Trust in the Context of Criminal Networks}},
  author={Von Lampe, Klaus and Ole Johansen, Per},
  journal={Global Crime},
  volume={6},
  number={2},
  pages={159--184},
  year={2004},
  publisher={Taylor \& Francis}
}

@article{morselli2007efficiency,
  title={{The Efficiency/Security Trade-off in Criminal Networks}},
  author={Morselli, Carlo and Gigu{\`e}re, Cynthia and Petit, Katia},
  journal={Social Networks},
  volume={29},
  number={1},
  pages={143--153},
  year={2007},
  publisher={Elsevier}
}

@book{gambetta2009codes,
  title={{Codes of the Underworld: How Criminals Communicate}},
  author={Gambetta, Diego},
  year={2009},
  publisher={Princeton University Press}
}

@article{campana2013cooperation,
  title={{Cooperation in Criminal Organizations: Kinship and Violence as Credible Commitments}},
  author={Campana, Paolo and Varese, Federico},
  journal={Rationality and Society},
  volume={25},
  number={3},
  pages={263--289},
  year={2013},
  publisher={Sage Publications}
}

@article{densley2012street,
  title={{Street Gang Recruitment: Signaling, Screening, and Selection}},
  author={Densley, James A},
  journal={Social Problems},
  volume={59},
  number={3},
  pages={301--321},
  year={2012},
  publisher={JSTOR}
}

@article{paterline1999structural,
  title={{Structural and Social Psychological Determinants of Prisonization}},
  author={Paterline, Brent A and Petersen, David M},
  journal={Journal of Criminal Justice},
  volume={27},
  number={5},
  pages={427--441},
  year={1999},
  publisher={Elsevier}
}

@misc{sykes1958society,
  title={{The Society of Captives: A Study of a Maximum Security Prison}},
  author={Sykes, Gresham},
  year={1958},
  publisher={Princeton University Press}
}

@book{coelho1987oficina,
  title={{A Oficina do Diabo: Crise e Conflitos no Sistema Penitenci{\'a}rio do Rio de Janeiro}},
  author={Coelho, Edmundo Campos},
  year={1987},
  publisher={Editora Espa{\c{c}}o e Tempo}
}

@article{silva2011visao,
  title={{A Vis{\~a}o do Sistema Penitenci{\'a}rio na Obra de Augusto Thompson}},
  author={Gon{\c{c}}alves, Thiago Andr{\'e} Silva and Araujo, Elson Luiz de},
  journal={{Anais do Sciencult}},
  volume={1},
  number={3},
  year={2011}
}

@book{thompson1980questao,
  title={{A Quest{\~a}o Penitenci{\'a}ria}},
  author={Thompson, Augusto},
  year={1976},
  publisher={Forense}
}

@ONLINE{sobel2010moregangs,
  author  = {Russell S. Sobel},
  title   = {{More Gangs, Less Crime}},
  journal = {Library of Economics and Liberty},
  year    = {2010},
  url     = {http://www.econlib.org/library/Columns/y2010/Sobelgangs.html},
  urldate = {2014-04-30}
}

@article{becker1968crime,
  title={{Crime and Punishment: An Economic Approach}},
  author={Becker, Gary},
  journal={Journal of Political Economy},
  volume={76},
  number={2},
  pages={169--217},
  year={1968}
}

@techreport{freeman1994crime,
  title={{Crime and the Job Market}},
  author={Freeman, Richard B},
  year={1994},
  institution={National Bureau of Economic Research}
}

@article{salla2007montoro,
  title={{De Montoro a Lembo: As Pol{\'\i}ticas Penitenci{\'a}rias em S{\~a}o Paulo}},
  author={Salla, Fernando},
  journal={Revista Brasileira de Seguran{\c{c}}a P{\'u}blica},
  volume={1},
  number={1},
  year={2007}
}

@article{skarbek2011governance,
  title={{Governance and Prison Gangs}},
  author={Skarbek, David},
  journal={American Political Science Review},
  volume={105},
  number={4},
  pages={702--716},
  year={2011},
  publisher={Cambridge Univ Press}
}

@article{liebling2012social,
  title={{Social Relationships between Prisoners in a Maximum Security Prison: Violence, Faith, and the Declining Nature of Trust}},
  author={Liebling, Alison and Arnold, Helen},
  journal={Journal of Criminal Justice},
  year={2012},
  publisher={Elsevier}
}

@article{spence1973job,
  title={{Job Market Signaling}},
  author={Spence, Michael},
  journal={The Quarterly Journal of Economics},
  pages={355--374},
  year={1973},
  publisher={JSTOR}
}

@book{hedstrom1998social,
  title={{Social Mechanisms: An Analytical Approach to Social Theory}},
  author={Hedstr{\"o}m, Peter and Swedberg, Richard},
  year={1998},
  publisher={Cambridge University Press}
}

@MastersThesis{freire2014entering,
    author={Danilo Freire},
    title={{Entering the Underworld: Prison Gang Recruitment in S√£o Paulo's Primeiro Comando da Capital}},
    school={The Graduate Institute of International and Development Studies},
    address={Geneva},
    year={2014},
}

@article{simon2000thesociety,
  title={{The Society of Captives' in the Era of Hyper-Incarceration}},
  author={Simon, Jonathan},
  journal={Theoretical Criminology},
  volume={4},
  number={3},
  pages={285--308},
  year={2000},
  publisher={Sage Publications}
}

@book{klein1997american,
  title={{The American Street Gang: Its nature, Prevalence, and Control}},
  author={Klein, Malcolm W},
  year={1997},
  publisher={Oxford University Press}
}

@article{nilsson2008partial,
  title={{Partial Peace: Rebel Groups Inside and Outside of Civil War Settlements}},
  author={Nilsson, Desir{\'e}e},
  journal={Journal of Peace Research},
  volume={45},
  number={4},
  pages={479--495},
  year={2008},
  publisher={Sage Publications}
}

@book{weinstein2006inside,
  title={{Inside Rebellion: The Politics of Insurgent Violence}},
  author={Weinstein, Jeremy M},
  year={2006},
  publisher={Cambridge University Press}
}

@book{biondi2010junto,
  title={{Junto e Misturado: Uma Etnografia do PCC}},
  author={Biondi, Karina},
  year={2010},
  publisher={Editora Terceiro Nome}
}

@article{alvarez2013comissoes,
  title={{Das Comiss{\~o}es de Solidariedade ao Primeiro Comando da Capital em S{\~a}o Paulo}},
  author={Alvarez, Marcos C{\'e}sar and Salla, Fernando and Dias, Camila Nunes},
  journal={Tempo Social},
  volume={25},
  number={1},
  pages={62},
  year={2013},
  publisher={SciELO Brasil}
}

@article{biondi2008etica,
  title={{A {\'E}tica Evang{\'e}lica e o Esp{\'\i}rito do Crime}},
  author={Biondi, Karina},
  journal={Anais da 26{\textordfeminine} Reuni{\~a}o Brasileira de Antropologia},
  year={2008}
}

@incollection{becker1994division,
  title={The division of labor, coordination costs, and knowledge},
  author={Becker, Gary S and Murphy, Kevin M},
  booktitle={Human Capital: A Theoretical and Empirical Analysis with Special Reference to Education},
  pages={299--322},
  year={1994},
  publisher={The University of Chicago Press}
}

@misc{veja2013,
author = {Veja},
title = {{Investiga√ß√£o sobre Crime Organizado Denuncia 175 do PCC}},
howpublished = "\url{http://abr.ai/194hSBr}",
note = "[Online; Access: 4th August 2014.]",
month = {Novembro},
year = {2013},
}

@misc{camara2005,
author = {{Ag√™ncia C√¢mara}},
title = {{Ex-L√≠der do PCC Explica Funcionamento da Fac√ß√£o}},
howpublished = "\url{http://www2.camara.leg.br/camaranoticias/noticias/66510.html}",
note = "[Online; Acesso: 5 de Agosto de 2014.]",
month = {Maio},
year = {2005},
}

@article{heckathorn1996dynamics,
  title={{The Dynamics and Dilemmas of Collective Action}},
  author={Heckathorn, Douglas D},
  journal={American Sociological Review},
  pages={250--277},
  year={1996},
  publisher={JSTOR}
}

@article{connelly2011signaling,
  title={{Signaling Theory: A Review and Assessment}},
  author={Connelly, Brian L and Certo, S Trevis and Ireland, R Duane and Reutzel, Christopher R},
  journal={Journal of Management},
  volume={37},
  number={1},
  pages={39--67},
  year={2011},
  publisher={SAGE Publications}
}

@misc{diariodolitoral2014,
author = {{Di√°rio do Litoral}},
title = {{Rivais do PCC S√£o os Que Mais Matam em Pres√≠dios}},
howpublished = "\url{http://www.diariodolitoral.com.br/conteudo/26429-rivais-do-pcc-sao-os-que-mais-matam-em-presidios}",
note = "[Online; Acesso: 5 de Agosto de 2014.]",
month = {Janeiro},
year = {2014},
}

@article{olson1993dictatorship,
  title={{Dictatorship, Democracy, and Development}},
  author={Olson, Mancur},
  journal={American Political Science Review},
  pages={567--576},
  year={1993},
  publisher={JSTOR}
}

@book{lyman1989gangland,
  title={{Gangland: Drug Trafficking by Organized Criminals}},
  author={Lyman, Michael D},
  year={1989},
  publisher={Thomas Springfield}
}

@article{delisi2004gang,
  title={{Gang Members, Career Criminals and Prison Violence: Further Specification of the Importation Model of Inmate Behavior}},
  author={DeLisi, Matt and Berg, Mark T and Hochstetler, Andy},
  journal={Criminal Justice Studies},
  volume={17},
  number={4},
  pages={369--383},
  year={2004},
  publisher={Taylor \& Francis}
}

@article{delisi2003criminal,
  title={{Criminal Careers Behind Bars}},
  author={DeLisi, Matt},
  journal={Behavioral Sciences \& the Law},
  volume={21},
  number={5},
  pages={653--669},
  year={2003},
  publisher={Wiley Online Library}
}

@book{thrasher2013gang,
  title={{The Gang: A Study of 1,313 Gangs in Chicago}},
  author={Thrasher, Frederic Milton},
  year={1963},
  publisher={University of Chicago Press}
}

@article{hunt1993changes,
jstor_articletype = {research-article},
title = {{Changes in Prison Culture: Prison Gangs and the Case of the ``Pepsi Generation''}},
author = {Hunt, Geoffrey and Riegel, Stephanie and Morales, Tomas and Waldorf, Dan},
journal = {Social Problems},
jstor_issuetitle = {},
volume = {40},
number = {3},
jstor_formatteddate = {Aug., 1993},
pages = {398--409},
url = {http://www.jstor.org/stable/3096887},
ISSN = {00377791},
abstract = {This article examines recent changes in prison life. Information collected from a series of in-depth interviews with a sample of California ex-prisoners suggests an important corrective both to the criminal justice literature and to those sociological accounts which have attempted to explain the culture of prison life. The interview data reveals that a serious deterioration in the quality of life has taken place inside California prisons, and that this change results from influences emanating from within the prison as well as from external factors.},
language = {English},
year = {1993},
publisher = {University of California Press on behalf of the Society for the Study of Social Problems},
copyright = {Copyright ¬© 1993 University of California Press},
}

@book{clemmer1940prison,
  title={{The Prison Community}},
  author={Clemmer, Donald},
  year={1940},
  publisher={Christopher Publishing House}
}

@article{sykes1960inmate,
  title={{The Inmate Social System}},
  author={Sykes, Gresham M and Messinger, Sheldon L},
  journal={Theoretical studies in social organization of the prison},
  pages={5--19},
  year={1960},
  publisher={Social Science Research Council New York}
}

@article{irwin1962thieves,
  title={{Thieves, Convicts and the Inmate Culture}},
  author={Irwin, John and Cressey, Donald R},
  journal={Social Problems},
  volume={10},
  number={2},
  pages={142--155},
  year={1962},
  publisher={JSTOR}
}

@inproceedings{goffman1961characteristics,
  title={{On he Characteristics of Total Institutions}},
  author={Goffman, Erving},
  booktitle={Symposium on preventive and social psychiatry},
  pages={43--84},
  year={1961}
}

@book{foucault1975surveiller,
  title={{Surveiller et Punir}},
  author={Foucault, Michel},
  year={1975},
  publisher={Gallimard Paris}
}

@article{farrington1992modern,
  title={{The Modern Prison as Total Institution? Public Perception versus Objective Reality}},
  author={Farrington, Keith},
  journal={Crime \& Delinquency},
  volume={38},
  number={1},
  pages={6--26},
  year={1992},
  publisher={Sage Publications}
}

@article{davies1989goffman,
  title={{Goffman's Concept of the Total Institution: Criticisms and Revisions}},
  author={Davies, Christie},
  journal={Human Studies},
  volume={12},
  number={1},
  pages={77--95},
  year={1989},
  publisher={Springer}
}

@article{becker2003politics,
  title={{The Politics of Presentation: Goffman and Total Institutions}},
  author={Becker, Howard S},
  journal={Symbolic Interaction},
  volume={26},
  number={4},
  pages={659--669},
  year={2003},
  publisher={Wiley Online Library}
}

@article{harer1996race,
  title={{Race and Prison Violence}},
  author={Harer, Miles D and Steffensmeier, Darrell J},
  journal={Criminology},
  volume={34},
  number={3},
  pages={323--355},
  year={1996},
  publisher={Wiley Online Library}
}

@article{cao1997prison,
  title={{Prison Disciplinary Tickets: A Test of the Deprivation and Importation models}},
  author={Cao, Liqun and Zhao, Jihong and Van Dine, Steve},
  journal={Journal of Criminal Justice},
  volume={25},
  number={2},
  pages={103--113},
  year={1997},
  publisher={Elsevier}
}

@article{gaes2002influence,
  title={{The Influence of Prison Gang Affiliation on Violence and Other Prison Misconduct}},
  author={Gaes, Gerald G and Wallace, Susan and Gilman, Evan and Klein-Saffran, Jody and Suppa, Sharon},
  journal={The Prison Journal},
  volume={82},
  number={3},
  pages={359--385},
  year={2002},
  publisher={Sage Publications}
}

@article{griffin2006effect,
  title={{The Effect of Gang Affiliation on Violent Misconduct among Inmates during the Early Years of Confinement}},
  author={Griffin, Marie L and Hepburn, John R},
  journal={Criminal Justice and Behavior},
  volume={33},
  number={4},
  pages={419--466},
  year={2006},
  publisher={Sage Publications}
}

@article{cunningham2007predictive,
  title={{Predictive Factors for Violent Misconduct in Close Custody}},
  author={Cunningham, Mark D and Sorensen, Jon R},
  journal={The Prison Journal},
  volume={87},
  number={2},
  pages={241--253},
  year={2007},
  publisher={Sage Publications}
}

@book{camp1985prison,
  title={{Prison Gangs: Their Extent, Nature, and Impact on Prisons}},
  author={Camp, George M and Camp, Camille Graham},
  year={1985},
  publisher={US Department of Justice, Office of Legal Policy, Federal Justice Research Program}
}

@book{schelling1980estrategy,
  title={{The Strategy of Conflict}},
  author={Schelling, Thomas C},
  year={1960},
  publisher={Harvard University Press}
}

@book{schelling2007strategies,
  title={{Strategies of Commitment and Other Essays}},
  author={Schelling, Thomas C},
  year={2007},
  publisher={Harvard University Press}
}


@book{cook2007cooperation,
  title={{Cooperation Without Trust?}},
  author={Cook, Karen Schweers and Hardin, Russell and Levi, Margaret},
  year={2007},
  publisher={Russell Sage Foundation}
}

@book{hobbes1983cive,
  title={{De Cive}},
  author={Hobbes, Thomas},
  publisher={Oxford University Press},
  year={1983 [1642]}
}

@book{toch1977police,
  title={{Police, Prisons, and the Problem of Violence}},
  author={Toch, Hans and Grant, J Douglas},
  volume={3},
  year={1977},
  publisher={National Institute of Mental Health, Center for Studies of Crime and Delinquency}
}


@article{fleisher2001overview,
  title={{An Overview of the Challenge of Prison Gangs}},
  author={Fleisher, Mark S and Decker, Scott H},
  journal={Corrections Management Quarterly},
  volume={5},
  pages={1--9},
  year={2001},
  publisher={ASPEN}
}


@book{kalyvas2006logic,
  title={{The Logic of Violence in Civil War}},
  author={Kalyvas, Stathis N},
  year={2006},
  publisher={Cambridge Univ Press}
}

@article{bhavnani2011three,
  title={{Three Two Tango: Territorial Control and Selective Violence in Israel, the West Bank, and Gaza}},
  author={Bhavnani, Ravi and Miodownik, Dan and Choi, Hyun Jin},
  journal={Journal of Conflict Resolution},
  volume={55},
  number={1},
  pages={133--158},
  year={2011},
  publisher={Sage Publications}
}

@article{leeson2010criminal,
  title={{Criminal Constitutions}},
  author={Leeson, Peter T and Skarbek, David B},
  journal={Global Crime},
  volume={11},
  number={3},
  pages={279--297},
  year={2010},
  publisher={Taylor \& Francis}
}

@book{pieta1993pavilhao,
  title={{Pavilh{\~a}o 9: O Massacre do Carandiru}},
  author={Piet{\'a}, El{\'o}i and Pereira, Justino},
  year={1993},
  publisher={Scritta Editorial}
}

@book{varella1999estaccao,
  title={{Esta{\c{c}}{\~a}o Carandiru}},
  author={Varella, Drauzio},
  volume={6},
  year={1999},
  publisher={Companhia das Letras S{\~a}o Paulo}
}

@article{fonseca1999direitos,
  title={{Direitos dos Mais e Menos Humanos}},
  author={Fonseca, Claudia and Cardarello, Andrea},
  journal={Horizontes Antropol{\'o}gicos},
  volume={10},
  number={11},
  year={1999},
  publisher={PPGAS/UFRGS Porto Alegre}
}

@article{da2009crime,
  title={{O Crime Organizado e Seus Recentes Ataques no Estado de S{\~a}o Paulo}},
  author={Resende, Janaina and Aquotti, Marcus Vin{\'\i}cius F},
  journal={ETIC - Encontro de Inicia\c{c}√£o Cient√≠fica},
  volume={2},
  number={2},
  year={2009}
}

@article{dias2009guerra,
  title={{Da guerra {\`A} Gest{\~a}o: Trajet{\'o}ria do Primeiro Comando da Capital (PCC) nas Pris{\~o}es de S{\~a}o Paulo}},
  author={Dias, Camila Caldeira Nunes},
  journal={Revista Percurso},
  pages={79--96},
  year={2009}
}

@article{passos2013defesa,
  title={{A Defesa da Institucionalidade e o PCC}},
  author={Passos, Aline},
  journal={Ecopol{\'i}tica},
  number={6},
  year={2013}
}

@article{dullo2012biondi,
  title={{Biondi, Karina: Junto e Misturado: Uma Etnografia do PCC, S{\~a}o Paulo, Editora Terceiro Nome, 2010, 245pp.}},
  author={Dullo, Eduardo},
  journal={Revista de Antropologia},
  volume={54},
  number={2},
  year={2012}
}

@book{nozick1974anarchy,
  title={{Anarchy, State and Utopia}},
  author={Nozick, Robert},
  year={1974},
  publisher={Basic Books}
}

@book{buchanan1975limits,
  title={{The Limits of Liberty: Between Anarchy and Leviathan}},
  author={Buchanan, James M},
  year={1975},
  publisher={University of Chicago Press}
}

@article{skaperdas2001political,
  title={The political economy of organised crime: providing protection when the state does not},
  author={Skaperdas, Stergios},
  journal={Economics of Governance},
  volume={2},
  number={3},
  pages={173--202},
  year={2001},
  publisher={Springer}
}

@article{skaperdas19973,
  title={{Gangs as Primitive States}},
  author={Skaperdas, Stergios and Syropoulos, Constantinos},
  journal={The Economics of Organised Crime},
  pages={61},
  year={1997},
  publisher={Cambridge University Press}
}

@book{larsson2011svensk,
  title={{Svensk Maffia: En Kartl{\"a}ggning av de Kriminella G{\"a}ngen}},
  author={Larsson, Matti and Wierup, Lasse},
  year={2011},
  publisher={Norstedts}
}

@article{bandiera2003land,
  title={{Land Reform, the Market for Protection, and the Origins of the Sicilian Mafia: Theory and Evidence}},
  author={Bandiera, Oriana},
  journal={Journal of Law, Economics, and Organization},
  volume={19},
  number={1},
  pages={218--244},
  year={2003},
  publisher={Oxford Univ Press}
}

@article{konrad2012market,
  title={{The Market for Protection and the Origin of the State}},
  author={Konrad, Kai A and Skaperdas, Stergios},
  journal={Economic Theory},
  volume={50},
  number={2},
  pages={417--443},
  year={2012},
  publisher={Springer}
}

@book{zeigler2000theory,
  title={{Theory of Modeling and Simulation: Integrating Discrete Events and Continuous Complex Dynamic Systems}},
  author={Zeigler, Bernard P and Praehofer, Herbert and Kim, Tag Gon},
  year={2000},
  publisher={Academic press}
}

@book{abrams1980foundations,
  title={{Foundations of Political Analysis: An Introduction to the Theory of Collective Choice}},
  author={Abrams, Robert},
  year={1980},
  publisher={Cambridge Univ Press}
}

@book{arrow1951social,
  title={{Social Choice and Individual Values}},
  author={Arrow, Kenneth J},
  year={1951},
  publisher={Yale university press}
}

@book{demeulenaere2011analytical,
  title={{Analytical Sociology and Social Mechanisms}},
  author={Demeulenaere, Pierre},
  year={2011},
  publisher={Cambridge University Press}
}

@article{gilbert2000build,
  title={{How to Build and Use Agent-Based Models in Social Science}},
  author={Gilbert, Nigel and Terna, Pietro},
  journal={Mind \& Society},
  volume={1},
  number={1},
  pages={57--72},
  year={2000},
  publisher={Springer}
}

@article{worrall2012prison,
  title={{Prison Gang Integration and Inmate Violence}},
  author={Worrall, John L and Morris, Robert G},
  journal={Journal of Criminal Justice},
  volume={40},
  number={5},
  pages={425--432},
  year={2012},
  publisher={Elsevier}
}

@book{weber1919politik,
  title={{Politik als Beruf}},
  author={Weber, Max},
  year={{2010 [1919]}},
  publisher={Duncker \& Humblot}
}

@book{tilly1992coercion,
  title={Coercion, capital, and European states, AD 990-1992},
  author={Tilly, Charles},
  year={1992},
  publisher={Blackwell Oxford}
}

@book{tilly1985war,
  title={{War Making and State Making as Organized Crime}},
  author={Tilly, Charles and Evans, Peter B and Rueschemeyer, Dietrich and Skocpol, Theda},
  year={1985},
  publisher={Cambridge University Press}
}

@book{tilly1992coercion,
  title={{Coercion, Capital, and European States}},
  author={Tilly, Charles},
  year={1992},
  publisher={Blackwell Oxford}
}

@article{buchanan1973defense,
  title={{A Defense of Organized Crime}},
  author={Buchanan, James M},
  journal={The economics of crime and punishment},
  pages={119--32},
  year={1973},
  publisher={American Enterprise Institute for Public Policy Research}
}

@article{sobel2009youth,
  title={Youth gangs as pseudo-governments: implications for violent crime},
  author={Sobel, Russell S and Osoba, Brian J},
  journal={Southern Economic Journal},
  pages={996--1018},
  year={2009},
  publisher={JSTOR}
}

@article{adorno2002exclusao,
  title={Exclus{\~a}o socioecon{\^o}mica e viol{\^e}ncia urbana},
  author={Adorno, S{\'e}rgio and others},
  journal={Sociologias},
  volume={4},
  number={8},
  pages={84--135},
  year={2002},
  publisher={SciELO Brasil}
}

@book{amorim2003cv,
  title={{CV-PCC: a irmandade do crime}},
  author={Amorim, Carlos},
  year={2003},
  publisher={Editora Record}
}

@article{adorno1993criminalidade,
  title={{A Criminalidade Urbana Violenta no Brasil: Um Recorte Tem{\'a}tico}},
  author={Adorno, S{\'e}rgio},
  journal={Boletim Informativo e Bibliogr{\'a}fico de Ci{\^e}ncias Sociais},
  number={35},
  pages={3--24},
  year={1993}
}


@article{adorno1998prisoes,
  title={{Pris{\~o}es, Viol{\^e}ncia e Direitos Humanos no Brasil}},
  author={Adorno, S{\'e}rgio},
  journal={Semin{\'a}rios dos Direitos},
  year={1998}
}

@article{assis2008realidade,
  title={{A Realidade Atual do Sistema Penitenci{\'a}rio Brasileiro}},
  author={Assis, Rafael Damaceno de},
  journal={Revista CEJ},
  pages={74--78},
  year={2008}
}

@article{laitin2003perestroikan,
  title={{The Perestroikan Challenge to Social Science}},
  author={Laitin, David D},
  journal={Politics \& Society},
  volume={31},
  number={1},
  pages={163--184},
  year={2003},
  publisher={Sage Publications}
}

@book{tilly1992coercion,
  title={{Coercion, capital, and European states, AD 990-1992}},
  author={Tilly, Charles},
  year={1992},
  publisher={Blackwell Oxford}
}

@article{helmke2004informal,
  title={Informal institutions and comparative politics: A research agenda},
  author={Helmke, Gretchen and Levitsky, Steven},
  journal={Perspectives on politics},
  volume={2},
  number={04},
  pages={725--740},
  year={2004},
  publisher={Cambridge Univ Press}
}

@article{tittle1969inmate,
  title={Inmate organization: sex differentiation and the influence of criminal subcultures},
  author={Tittle, Charles R},
  journal={American Sociological Review},
  pages={492--505},
  year={1969},
  publisher={JSTOR}
}

@article{berk1966organizational,
  title={Organizational goals and inmate organization},
  author={Berk, Bernard B},
  journal={American Journal of Sociology},
  pages={522--534},
  year={1966},
  publisher={JSTOR}
}

@article{marques2010liderancca,
  title={Lideran{\c{c}}a, proceder e igualdade: uma etnografia das rela{\c{c}}{\~o}es pol{\'\i}ticas no Primeiro Comando da Capital},
  author={Marques, Adalton},
  journal={etnogr{\'a}fica},
  volume={14},
  number={2},
  pages={311--335},
  year={2010},
  publisher={Centro de Estudos de Antropologia Social (CEAS)}
}

@article{barcellos2003abusado,
  title={Abusado},
  author={Barcellos, Caco},
  journal={Editora Record, S{\~a}o Paulo},
  year={2003}
}

@article{przeworski1970logic,
  title={{The Logic of Comparative Social Inquiry}},
  author={Przeworski, Adam and Teune, Henry},
  journal={John Wiley \& Sons},
  year={1970}
}

