@article{bagley2013evolution, 
title ={{The Evolution of Drug Trafficking and Organized Crime in Latin America}},
author={Bagley, Bruce},
journal ={Sociologia, Problemas e Pr{\'a}ticas},
number={71},
pages ={99--123},
year={2013},
publisher={Editora Mundos Sociais}
}

@article{johnson2013introduction,
title ={{Introduction: Murder and Violence in Modern Latin America}},
author={Johnson, Eric A and Salvatore, Ricardo D and Spierenburg, Pieter},
journal ={Bulletin of Latin American Research},
volume={32},
number={s1},
pages ={1--11},
year={2013},
publisher ={Wiley Online Library}
}

@book{misse2006crime,
title ={{Crime e Viol{\^e}ncia no Brasil Contempor{\^a}neo: Estudos de Sociologia do Crime e da Viol{\^e}ncia Urbana}},
author={Misse, Michel},
year={2006},
publisher ={Editora Lumen Juris}
}

@article{lafferty2015indicators,
title={{Indicators of social Capital in Prison: A Systematic Review}},
author={Lafferty, Lise and Chambers, Georgina M and Guthrie, Jill and Butler, Tony},
journal={Health \& Justice},
volume={3},
number={1},
pages={1--11},
year={2015},
publisher={Springer}
}

@article{pitts2015youth,
title={{Youth Crime and Youth Justice}},
author={Pitts, John},
journal={Youth \& Policy},
number={114},
pages={31},
year={2015}
}

@article{zaluar2014sociability,
title={{Sociability in Crime: Culture, Form of Life or Ethos?}},
author={Zaluar, Alba},
journal={Vibrant: Virtual Brazilian Anthropology},
volume={11},
number={2},
pages={12--46},
year={2014},
publisher ={SciELO Brasil}
}

@article{king2014power,
title={{Power, Control, and Symbiosis in Brazilian Prisons}},
author={King, Roy D and Valensia, Bruna},
journal={South Atlantic Quarterly},
volume={113},
number={3},
pages={503--528},
year={2014},
publisher={Duke Univ Press}
}

@article{zaluar1999debate,
title ={{Um Debate Disperso: Viol{\^e}ncia e Crime no Brasil da Redemocratiza{\c{c}}{\~a}o}},
author={Zaluar, Alba},
journal ={S{\~a}o Paulo em Perspectiva},
volume={13},
number={3},
pages ={3--17},
year={1999},
publisher ={SciELO Brasil}
}

@article{cressey1967methodological,
title ={{Methodological Problems in the Study of Organised Crime as a Social Problem}},
author={Cressey, Donald R},
journal ={The Annals of the American Academy of Political and Social Science},
volume={374},
number={1},
pages ={101--112},
year={1967},
}

@article{furukawa2008pcc,
title ={{O PCC e a Gest{\~a}o dos Pres{\'\i}dios em S{\~a}o Paulo}},
author={Furukawa, Nagashi},
journal ={Novos Estudos CEBRAP},
number={80},
pages ={21--41},
year={2008},
publisher ={SciELO Brasil}
}

@book{souza2007pcc,
title ={{PCC: A Fac{\c{c}}{\~a}o}},
author={Souza, Fatima},
year={2007},
publisher ={Editora Record}
}

@article{salla2006rebelioes,
title ={{As Rebeli{\~o}es nas Pris{\~o}es: Novos Significados a Partir da Experi{\^e}ncia Brasileira}},
author={Salla, Fernando},
journal ={Sociologias},
number={16},
pages ={274--307},
year={2006},
publisher ={SciELO Brasil}
}

@article{marques2010liderancca,
title ={{Lideran{\c{c}}a, Proceder e Igualdade: Uma Etnografia das Rela{\c{c}}{\~o}es Pol{\'\i}ticas no Primeiro Comando da Capital}},
author={Marques, Adalton},
journal ={Etnogr{\'a}fica},
volume={14},
number={2},
pages ={311--335},
year={2010},
}

@article{ramalho1979mundo,
title ={{O Mundo do Crime}},
author={Ramalho, Jos{\'e} Ricardo},
journal ={Graal},
year={1979}
}

@article{tittle1969inmate,
title ={{Inmate Organization: Sex Differentiation and the Influence of Criminal Subcultures}},
author={Tittle, Charles R},
journal ={American Sociological Review},
pages ={492--505},
year={1969},
publisher ={JSTOR}
}

@article{berk1966organizational,
title ={{Organizational Goals and Inmate Organization}},
author={Berk, Bernard B},
journal ={American Journal of Sociology},
pages ={522--534},
year={1966},
publisher ={JSTOR}
}

@article{lessing2008facccoes,
title ={{As Fac{\c{c}}{\~o}es Cariocas em Perspectiva Comparativa}},
author={Lessing, Benjamin},
journal ={Novos Estudos-CEBRAP},
number={80},
pages ={43--62},
year={2008},
publisher ={SciELO Brasil}
}

@article{barcellos2003abusado,
title ={{Abusado}},
author={Barcellos, Caco},
journal ={Editora Record},
year={2003}
}

@book{porto2007crime,
title ={{Crime Organizado e Sistema Prisional}},
author={Porto, Roberto},
year={2007},
publisher ={Editora Atlas}
}

@article{biderman2014pax,
title ={{Pax Monopolista and Crime: The Case of the Emergence of the Primeiro Comando da Capital in S{\~a}o Paulo}},
author={Biderman, Ciro and Sergio De Lima, Renato and Pinho De Mello, Jo{\~a}o Manoel and Schneider, Alexandre},
year={2014},
publisher ={CAF}
}

@article{do2015crime,
title ={{Crime Organizado: Uma An{\'a}lise da A{\c{c}}{\~a}o do PCC em MT}},
author={do Nascimento, Walfrido Franklin},
journal ={Homens do Mato -- Revista Cient{\'\i}fica de Pesquisa em Seguran{\c{c}}a P{\'u}blica},
volume={2},
number={12},
year={2015}
}

@MastersThesis{ford2015violent,
title ={{A Violent Symbiosis: Gangs, the State, and the Rise in Crime in S{\~a}o Paulo}},
author={Ford, Maria},
year={2015},
school={University of Calgary},
address ={Canada}
}

@article{dias2014ciscipline,
title ={{Discipline, Social Control and Punishment: The Interweaving of the Power Networks within Prison}},
author={Dias, Camila Nunes},
journal ={Revista Brasileira de Ci{\^e}ncias Sociais},
volume={29},
number={85},
pages ={113--127},
year={2014},
publisher ={SciELO Brasil}
}

@article{darke2014comunidades,
title ={{Comunidades Prisionais Autoadministradas: O Fen{\^o}meno APAC (Self-Managed Prison Communities: The APAC Phenomenon)}},
author={Darke, Sacha},
journal ={Revista Brasileira de Ci{\^e}ncias Criminais},
volume={107},
pages ={257--276},
year={2014}
}

@article{abumanssur2014fe,
title ={{F{\'e} e Crime na ``Quebrada‚Äù: Pentecostais e PCC na Constru{\c{c}}{\~a}o da Sociabilidade nas Periferias de S{\~a}o Paulo}},
author={Abumanssur, Edin Sued},
journal ={Horizonte},
volume={12},
number={33},
pages ={99--120},
year={2014}
}

@book{jozino2004cobras,
title ={{Cobras e Lagartos}},
author={Jozino, Josmar},
year={2004},
publisher ={Editora Objetiva}
}

@article{mingardi2007trabalho,
title ={{O Trabalho da Intelig{\^e}ncia no Controle do Crime Organizado}},
author={Mingardi, Guaracy},
journal ={Estudos Avan{\c{c}}ados},
volume={21},
number={61},
pages ={51--69},
year={2007},
publisher ={SciELO Brasil}
}

@article{adorno2007organized,
title ={{Criminalidade Organizada nas Pris{\~o}es e os Ataques do PCC}},
author={Adorno, S{\'e}rgio and Salla, Fernando},
journal ={Estudos Avan{\c{c}}ados},
volume={21},
number={61},
pages ={7--29},
year={2007},
publisher ={SciELO Brasil}
}

@article{donohue2007economic,
title ={{Economic Models of Crime and Punishment}},
author={Donohue, John J},
journal ={Social Research: An International Quarterly},
volume={74},
number={2},
pages ={379--412},
year={2007},
publisher ={Social Research}
}

@article{skarbek2012prison,
title ={{Prison Gangs, Norms, and Organizations}},
author={Skarbek, David},
journal ={Journal of Economic Behavior \& Organization},
volume={82},
number={1},
pages ={96--109},
year={2012},
publisher ={Elsevier}
}

@article{aakerstrom1986outcasts,
title ={{Outcasts in Prison: The Cases of Informers and Sex Offenders}},
author={{\AA}kerstr{\"o}m, Malin},
journal ={Deviant Behavior},
volume={7},
number={1},
pages ={1--12},
year={1986},
publisher ={Taylor \& Francis}
}

@book{kauffman1988prison,
title ={{Prison Officers and Their World}},
author={Kauffman, Kelsey},
year={1988},
publisher ={Harvard University Press}
}

@book{lemgruber2005brazilian,
title ={{The Brazilian Prison System: A Brief Diagnosis}},
author={Lemgruber, Julita},
journal ={University of Oregon Press},
year={2005}
}

@book{skarbek2014social,
title ={{The Social Order of the Underworld: How Prison Gangs Govern the American Penal System}},
author={Skarbek, David},
year={2014},
publisher ={Oxford University Press}
}

@article{silveira2007realidade,
title ={{A Realidade dos Pres{\'\i}dios na Vis{\~a}o da Pastoral Carcer{\'a}ria}},
author={Silveira, Valdir Jo{\~a}o},
journal ={estudos avan{\c{c}}ados},
volume={21},
number={61},
pages ={209},
year={2007},
publisher ={SciELO Brasil}
}

@phdthesis{dias2011pulverizaccao,
title ={{Da Pulveriza{\c{c}}{\~a}o ao Monop{\'o}lio da Viol{\^e}ncia: Expans{\~a}o e Consolida{\c{c}}{\~a}o da Domina{\c{c}}{\~a}o do PCC no Sistema Carcer{\'a}rio Paulista}},
author={Dias, Camila Caldeira Nunes},
year={2011},
school={Faculdade de Filosofia, Letras e Ci{\^e}ncias Humanas, Universidade de S{\~a}o Paulo}
}

@mastersthesis{marques2009crime,
title ={{Crime, Proceder, Conv{\'\i}vio-Seguro: Um Experimento Antropol{\'o}gico a Partir de Rela{\c{c}}{\~o}es entre Ladr{\~o}es}},
author={Marques, Adalto},
year={2009},
school={Faculdade de Filosofia, Letras e Ci{\^e}ncias Humanas, Universidade de S{\~a}o Paulo}
}

@book{ostrom1990governing,
title ={{Governing the Commons: The Evolution of Institutions for Collective Action}},
author={Ostrom, Elinor},
year={1990},
publisher ={Cambridge University Press}
}

@book{schepel2005constitution,
title ={{The Constitution of Private Governance: Product Standards in the Regulation of Integrating Markets}},
author={Schepel, Harm},
year={2005},
publisher ={Hart Publishing}
}

@article{helmke2003informal,
author={Helmke, Gretchen and Levitsky, Steven},
title ={{Informal Institutions and Comparative Politics: A Research Agenda}},
journal ={Perspectives on Politics},
year={2004},
volume= {2},
number= {4},
pages = {725--740},
}

@article{jackson2003warlords,
title ={{Warlords as Alternative Forms of Governance}},
author={Jackson, Paul},
journal ={Small Wars and Insurgencies},
volume={14},
number={2},
pages ={131--150},
year={2003},
}

@article{sheptycki2003governance,
title ={{The Governance of Organised Crime in Canada}},
author={Sheptycki, James},
journal ={Canadian Journal of Sociology},
pages ={489--516},
year={2003},
publisher ={JSTOR}
}

@article{williams2002cooperation,
title ={{Cooperation among Criminal Organizations}},
author={Williams, Phil},
journal ={Transnational Organized Crime and International Security},
pages ={67--80},
year={2002}
}

@article{von2004organized,
title ={{Organized Crime and Trust: On the Conceptualization and Empirical Relevance of Trust in the Context of Criminal Networks}},
author={Von Lampe, Klaus and Ole Johansen, Per},
journal ={Global Crime},
volume={6},
number={2},
pages ={159--184},
year={2004},
publisher ={Taylor \& Francis}
}

@book{gambetta2009codes,
title ={{Codes of the Underworld: How Criminals Communicate}},
author={Gambetta, Diego},
year={2009},
publisher ={Princeton University Press}
}

@article{campana2013cooperation,
title ={{Cooperation in Criminal Organizations: Kinship and Violence as Credible Commitments}},
author={Campana, Paolo and Varese, Federico},
journal ={Rationality and Society},
volume={25},
number={3},
pages ={263--289},
year={2013},
publisher ={Sage Publications}
}

@article{buentello1991prison,
title ={{Prison Gang Development: A Theoretical Model}},
author={Buentello, Salvador and Fong, Robert S and Vogel, Ronald E},
journal ={The Prison Journal},
volume={71},
number={2},
pages ={3--14},
year={1991},
publisher ={Sage Publications}
}

@article{densley2012street,
title ={{Street Gang Recruitment: Signaling, Screening, and Selection}},
author={Densley, James A},
journal ={Social Problems},
volume={59},
number={3},
pages ={301--321},
year={2012},
publisher ={JSTOR}
}

@article{foucault2010birth,
title ={{The Birth of Biopolitics: Lectures at the Coll\`{e}ge de France, 1978--1979}},
author={Foucault, Michel},
year={{1984 [2010]}},
publisher ={Picador}
}

@article{dilts2009michel,
title ={{Michel Foucault meets Gary Becker: Criminality beyond Discipline and Punish}},
author={Dilts, Andrew},
journal ={Discipline, Security and Beyond},
pages ={77--100},
year={2009}
}

@article{becker1968crime,
title ={{Crime and Punishment: An Economic Approach}},
author={Becker, Gary},
journal ={Journal of Political Economy},
volume={76},
number={2},
pages ={169--217},
year={1968}
}

@techreport{freeman1994crime,
title ={{Crime and the Job Market}},
author={Freeman, Richard B},
year={1994},
institution ={National Bureau of Economic Research}
}

@article{paterline1999structural,
title ={{Structural and Social Psychological Determinants of Prisonization}},
author={Paterline, Brent A and Petersen, David M},
journal ={Journal of Criminal Justice},
volume={27},
number={5},
pages ={427--441},
year={1999},
publisher ={Elsevier}
}

@article{mccorkle1995roots,
title ={{The Roots of Prison Violence: A Test of the Deprivation, Management, and ``Not-So-Total'' Institution Models}},
author={McCorkle, Richard C and Miethe, Terance D and Drass, Kriss A},
journal ={Crime \& Delinquency},
volume={41},
number={3},
pages ={317--331},
year={1995},
publisher ={Sage Publications}
}

@article{craddock1996comparative,
title ={{A Comparative Study of Male and Female Prison Misconduct Careers}},
author={Craddock, Amy},
journal ={The Prison Journal},
volume={76},
number={1},
pages ={60--80},
year={1996},
publisher ={Sage Publications}
}

@article{thomas1977correlates,
title ={{Correlates of Drug Use: An Evaluation of Two Conceptual Models}},
author={Thomas, Charles W and Cage, Robin J},
journal ={Criminology},
volume={15},
number={2},
pages ={193--210},
year={1977},
publisher ={Wiley Online Library}
}

@misc{sykes1958society,
title ={{The Society of Captives: A Study of a Maximum Security Prison}},
author={Sykes, Gresham},
year={1958},
publisher ={Princeton University Press}
}

@article{glaser1972bibliography,
title ={{Bibliography: Selected Reading List on Criminology}},
author={Glaser, Daniel},
year={1972},
publisher ={American Psychological Association}
}

@article{segrin2001perceptions,
title ={{Perceptions of Relational Histories, Marital Quality, and Loneliness when Communication is Limited: An Examination of Married Prison Inmates}},
author={Segrin, Chris and Flora, Jeanne},
journal ={The Journal of Family Communication},
volume={1},
number={3},
pages ={151--173},
year={2001},
publisher ={Taylor \& Francis}
}

@article{huebner2003administrative,
title ={{Administrative Determinants of Inmate Violence: A Multilevel Analysis}},
author={Huebner, Beth M},
journal ={Journal of Criminal Justice},
volume={31},
number={2},
pages ={107--117},
year={2003},
publisher ={Elsevier}
}

@article{skarbek2011governance,
title ={{Governance and Prison Gangs}},
author={Skarbek, David},
journal ={American Political Science Review},
volume={105},
number={4},
pages ={702--716},
year={2011},
publisher ={Cambridge Univ Press}
}

@article{liebling2012social,
title ={{Social Relationships between Prisoners in a Maximum Security Prison: Violence, Faith, and the Declining Nature of Trust}},
author={Liebling, Alison and Arnold, Helen},
journal ={Journal of Criminal Justice},
year={2012},
publisher ={Elsevier}
}

@book{biondi2010junto,
title ={{Junto e Misturado: Uma Etnografia do PCC}},
author={Biondi, Karina},
year={2010},
publisher ={Editora Terceiro Nome}
}

@article{biondi2008etica,
title ={{A {\'E}tica Evang{\'e}lica e o Esp{\'\i}rito do Crime}},
author={Biondi, Karina},
journal ={Anais da 26{\textordfeminine} Reuni{\~a}o Brasileira de Antropologia},
year={2008}
}

@book{skidmore1988politics,
title ={{The Politics of Military Rule in Brazil, 1964--85}},
author={Skidmore, Thomas E},
year={1988},
publisher ={Oxford University Press}
}

@ONLINE{veja2013,
author= {Veja},
title = {{Investiga\c{c}\~{a}o sobre Crime Organizado Denuncia 175 do PCC}},
url = {http://abr.ai/194hSBr},
note= "[Online; accessed 4th January 2014.]",
urldate = {2014-04-29},
year= {2013}
}

@ONLINE{veja2013crescimentopcc,
author= {Veja},
title = {{PCC Cresceu 33\% nos \'{U}ltimos Quatro Anos}},
url = {http://abr.ai/1kwRQ93},
note= "[Online; accessed 4th January 2014.]",
urldate = {2014-04-29},
year= {2013}
}

@ONLINE{camara2005,
author= {{Ag√™ncia C√¢mara}},
title = {{Ex-L√≠der do PCC Explica Funcionamento da Fac√ß√£o}},
url = {http://www2.camara.leg.br/camaranoticias/noticias/66510.html},
year= {2005},
urldate = {2014-04-29}
}

@book{lyman1989gangland,
title ={{Gangland: Drug Trafficking by Organized Criminals}},
author={Lyman, Michael D},
year={1989},
publisher ={Thomas Springfield}
}

@article{delisi2004gang,
title ={{Gang Members, Career Criminals and Prison Violence: Further Specification of the Importation Model of Inmate Behavior}},
author={DeLisi, Matt and Berg, Mark T and Hochstetler, Andy},
journal ={Criminal Justice Studies},
volume={17},
number={4},
pages ={369--383},
year={2004},
publisher ={Taylor \& Francis}
}

@article{delisi2003criminal,
title ={{Criminal Careers Behind Bars}},
author={DeLisi, Matt},
journal ={Behavioral Sciences \& the Law},
volume={21},
number={5},
pages ={653--669},
year={2003},
publisher ={Wiley Online Library}
}

@article{grascia2004gang,
title ={{Gang violence: Mara Salvatrucha-Forever Salvador}},
author={Grascia, Andrew M},
journal ={Journal of Gang Research},
volume={11},
number={2},
pages ={29--36},
year={2004},
}

@book{bruneau2011maras,
title ={{Maras: Gang Violence and Security in Central America}},
author={Bruneau, Thomas and Dammert, Luc{\'\i}a and Skinner, Elizabeth},
year={2011},
publisher ={University of Texas Press}
}

@book{larsson2011svensk,
title ={{Svensk Maffia: En Kartl{\"a}ggning av de Kriminella G{\"a}ngen}},
author={Larsson, Matti and Wierup, Lasse},
year={2011},
publisher ={Norstedts}
}

@article{miguel2010central,
title ={{Central American Maras: From Youth Street Gangs to Transnational Protection Rackets}},
author={Miguel Cruz, Jos{\'e}},
journal ={Global Crime},
volume={11},
number={4},
pages ={379--398},
year={2010},
publisher ={Taylor \& Francis}
}

@article{dissel2002reform,
title ={{Reform and Stasis: Transformation in South African Prisons}},
author={Dissel, Amanda and Ellis, Stephen},
journal ={Center for the Study of Violence and Reconciliation},
year={2002}
}

@article{sullivan2008transnational,
title ={{Transnational Gangs: The Impact of Third Generation Gangs in Central America}},
author={Sullivan, John P},
journal ={Air \& Space Power Journal},
volume={1},
number={1},
year={2008}
}

@article{houston1998prison,
title ={{Prison Gangs in South Africa: A Comparative Analysis}},
author={Houston, J and Prinsloo, Johan},
journal ={Journal of Gang Research},
volume={5},
number={3},
pages ={41--52},
year={1998}
}

@article{lotter1988prison,
title ={{Prison Gangs in South Africa: A Description}},
author={L{\"o}tter, JM},
journal ={South African Journal of Sociology},
volume={19},
number={2},
pages ={67--75},
year={1988},
publisher ={Taylor \& Francis}
}

@article{lessing2014cddrl,
title ={{A Hole at the Center of the State: Prison Gangs and the Limits to Punitive Power}},
journal ={Center of Democracy, Development, and the Rule of Law},
author={Lessing, Benjamin},
year={2014}
}

@book{price2005murder,
title ={{Murder Unpunished: How the Aryan Brotherhood Murdered Waymond Small and Got Away with It}},
author={Price, Thornton W},
year={2005},
publisher ={University of Arizona Press}
}

@article{pelz1991right,
title ={{Right-Wing Extremism in the Texas Prisons: The Rise and Fall of the Aryan Brotherhood of Texas}},
author={Pelz, ME and Marquart, James W and Pelz, C Terry},
journal ={The Prison Journal},
volume={71},
number={2},
pages ={23--37},
year={1991},
publisher ={SAGE Publications}
}

@article{wolf2012mara,
title ={{Mara Salvatrucha: The Most Dangerous Street Gang in the Americas?}},
author={Wolf, Sonja},
journal ={Latin American Politics and Society},
volume={54},
number={1},
pages ={65--99},
year={2012},
publisher ={Wiley Online Library}
}

@article{fogelbach2005mara,
title ={{Mara Salvatrucha (MS-13) and Ley Anti Mara: El Salvador's struggle to Reclaim Social Order}},
author={Fogelbach, Juan J},
journal ={San Diego Int'l LJ},
volume={7},
pages ={223},
year={2005},
publisher ={HeinOnline}
}

@article{etter2010mara,
title ={{Mara Salvatrucha 13: A Transnational Threat}},
author={Etter Sr, Gregg W},
journal ={Journal of Gang Research},
volume={17},
number={2},
pages ={1--17},
year={2010},
publisher ={National Gang Crime Research Center}
}

@article{o2010reckless,
title ={{The Reckless Will: Prison Chaplaincy and the Problem of Mara Salvatrucha}},
author={O'Neill, Kevin Lewis},
journal ={Public Culture},
volume={22},
number={1},
pages ={67--88},
year={2010},
publisher ={Duke Univ Press}
}

@book{thrasher2013gang,
title ={{The Gang: A Study of 1,313 Gangs in Chicago}},
author={Thrasher, Frederic Milton},
year={1963},
publisher ={University of Chicago Press}
}

@article{hunt1993changes,
title = {{Changes in Prison Culture: Prison Gangs and the Case of the ``Pepsi Generation''}},
author= {Hunt, Geoffrey and Riegel, Stephanie and Morales, Tomas and Waldorf, Dan},
journal = {Social Problems},
volume= {40},
number= {3},
pages = {398--409},
publisher = {University of California Press}
}

@book{clemmer1940prison,
title ={{The Prison Community}},
author={Clemmer, Donald},
year={1940},
publisher ={Christopher Publishing House}
}

@article{silva2011visao,
title ={{A Vis{\~a}o do Sistema Penitenci{\'a}rio na Obra de Augusto Thompson}},
author={Silva Gon{\c{c}}alves, Thiago Andr{\'e} and Luiz de Araujo, Elson},
journal ={{Anais do Sciencult}},
volume={1},
number={3},
year={2011}
}

@article{sykes1960inmate,
title ={{The Inmate Social System}},
author={Sykes, Gresham M and Messinger, Sheldon L},
journal ={Theoretical studies in social organization of the prison},
pages ={5--19},
year={1960},
publisher ={Social Science Research Council New York}
}

@article{maguire1999policing,
title ={{Policing the Mexican Mafia: Organized Crime and the War on Drugs}},
author={Maguire, Keith},
journal ={The Police Journal},
volume={72},
pages ={260},
year={1999},
publisher ={HeinOnline}
}

@book{morrill2005mexican,
title ={{The Mexican Mafia: The Story}},
author={Morrill, Robert},
year={2005}
}

@book{blatchford2008black,
title ={{The Black Hand: The Story of Rene ``Boxer'' Enriquez and His Life in the Mexican Mafia}},
author={Blatchford, Chris},
year={2008},
publisher ={Harper Collins}
}

@book{rafael2013mexican,
title ={{The Mexican Mafia}},
author={Rafael, Tony},
year={2013},
publisher ={Encounter Books}
}

@article{hoffmann2000american,
title ={{An American Social Science}},
author={Hoffmann, Stanley},
journal ={International Relations: Critical Concepts in Political Science},
volume={1},
number={3},
pages ={77},
year={2000},
publisher ={Taylor \& Francis}
}

@book{zamble1988coping,
title ={{Coping, Behavior, and Adaptation in Prison Inmates}},
author={Zamble, Edward and Porporino, Frank J},
year={1988},
publisher ={Springer-Verlag Publishing}
}

@book{henry2001crime,
title ={{What Is Crime?: Controversies over the Nature of Crime and What to Do about It}},
author={Henry, S. and Lanier, M.M.},
year={2001},
publisher ={Rowman \& Littlefield Publishers}
}

@article{gillani2009unemployment,
title ={{Unemployment, Poverty, Inflation and Crime Nexus: Cointegration and Causality Analysis of Pakistan}},
author={Gillani, Syed Yasir Mahmood and Rehman, Hafeez Ur and Gill, Abid Rasheed},
journal ={Pakistan Economic and Social Review},
pages ={79--98},
year={2009},
publisher ={JSTOR}
}

@article{thomas1978structural,
title ={{Structural and Social-Psychological Correlates of Prisonization}},
author={Thomas, Charles W and Petersen, David M and Zingraff, Rhanda M},
journal ={Criminology},
volume={16},
number={3},
pages ={383--394},
year={1978},
publisher ={Wiley Online Library}
}

@article{hirschi1990substantive,
title ={{Substantive Positivism and the Idea of Crime}},
author={Hirschi, Travis and Gottfredson, Michael},
journal ={Rationality and Society},
volume={2},
number={4},
pages ={412--428},
year={1990},
publisher ={Sage Publications}
}

@article{irwin1962thieves,
title ={{Thieves, Convicts and the Inmate Culture}},
author={Irwin, John and Cressey, Donald R},
journal ={Social Problems},
volume={10},
number={2},
pages ={142--155},
year={1962},
publisher ={JSTOR}
}

@inproceedings{goffman1961characteristics,
title ={{On the Characteristics of Total Institutions}},
author={Goffman, Erving},
booktitle ={Symposium on Preventive and Social Psychiatry},
pages ={43--84},
year={1961}
}

@book{foucault1975surveiller,
title ={{Surveiller et Punir}},
author={Foucault, Michel},
year={1975},
publisher ={Gallimard Paris}
}

@article{farrington1992modern,
title ={{The Modern Prison as Total Institution? Public Perception versus Objective Reality}},
author={Farrington, Keith},
journal ={Crime \& Delinquency},
volume={38},
number={1},
pages ={6--26},
year={1992},
publisher ={Sage Publications}
}

@article{davies1989goffman,
title ={{Goffman's Concept of the Total Institution: Criticisms and Revisions}},
author={Davies, Christie},
journal ={Human Studies},
volume={12},
number={1},
pages ={77--95},
year={1989},
publisher ={Springer}
}

@article{becker2003politics,
title ={{The Politics of Presentation: Goffman and Total Institutions}},
author={Becker, Howard S},
journal ={Symbolic Interaction},
volume={26},
number={4},
pages ={659--669},
year={2003},
publisher ={Wiley Online Library}
}

@article{harer1996race,
title ={{Race and Prison Violence}},
author={Harer, Miles D and Steffensmeier, Darrell J},
journal ={Criminology},
volume={34},
number={3},
pages ={323--355},
year={1996},
publisher ={Wiley Online Library}
}

@article{cao1997prison,
title ={{Prison Disciplinary Tickets: A Test of the Deprivation and Importation models}},
author={Cao, Liqun and Zhao, Jihong and Van Dine, Steve},
journal ={Journal of Criminal Justice},
volume={25},
number={2},
pages ={103--113},
year={1997},
publisher ={Elsevier}
}

@article{gaes2002influence,
title ={{The Influence of Prison Gang Affiliation on Violence and Other Prison Misconduct}},
author={Gaes, Gerald G and Wallace, Susan and Gilman, Evan and Klein-Saffran, Jody and Suppa, Sharon},
journal ={The Prison Journal},
volume={82},
number={3},
pages ={359--385},
year={2002},
publisher ={Sage Publications}
}

@article{griffin2006effect,
title ={{The Effect of Gang Affiliation on Violent Misconduct among Inmates during the Early Years of Confinement}},
author={Griffin, Marie L and Hepburn, John R},
journal ={Criminal Justice and Behavior},
volume={33},
number={4},
pages ={419--466},
year={2006},
publisher ={Sage Publications}
}

@article{cunningham2007predictive,
title ={{Predictive Factors for Violent Misconduct in Close Custody}},
author={Cunningham, Mark D and Sorensen, Jon R},
journal ={The Prison Journal},
volume={87},
number={2},
pages ={241--253},
year={2007},
publisher ={Sage Publications}
}

@book{camp1985prison,
title ={{Prison Gangs: Their Extent, Nature, and Impact on Prisons}},
author={Camp, George M and Camp, Camille Graham},
year={1985},
publisher ={US Department of Justice, Office of Legal Policy, Federal Justice Research Program}
}

@book{schelling1980estrategy,
title ={{The Strategy of Conflict}},
author={Schelling, Thomas C},
year={1960},
publisher ={Harvard University Press}
}

@book{schelling2007strategies,
title ={{Strategies of Commitment and Other Essays}},
author={Schelling, Thomas C},
year={2007},
publisher ={Harvard University Press}
}

@book{cook2007cooperation,
title ={{Cooperation Without Trust?}},
author={Cook, Karen Schweers and Hardin, Russell and Levi, Margaret},
year={2007},
publisher ={Russell Sage Foundation}
}

@article{fleisher2001overview,
title ={{An Overview of the Challenge of Prison Gangs}},
author={Fleisher, Mark S and Decker, Scott H},
journal ={Corrections Management Quarterly},
volume={5},
pages ={1--9},
year={2001},
publisher ={ASPEN}
}

@book{kalyvas2006logic,
title ={{The Logic of Violence in Civil War}},
author={Kalyvas, Stathis N},
year={2006},
publisher ={Cambridge Univ Press}
}

@article{lewis1980social,
title ={{Social Groupings in Organized Crime: The Case of La Nuestra Familia}},
author={Lewis, George H},
journal ={Deviant Behavior},
volume={1},
number={2},
pages ={129--143},
year={1980},
publisher ={Taylor \& Francis}
}

@article{koehler2000organizational,
title ={{The Organizational Structure and Function of La Nuestra Familia within Colorado State Correctional Facilities}},
author={Koehler, Robert},
journal ={Deviant Behavior},
volume={21},
number={2},
pages ={155--179},
year={2000},
publisher ={Taylor \& Francis}
}

@article{leeson2010criminal,
title ={{Criminal Constitutions}},
author={Leeson, Peter T and Skarbek, David B},
journal ={Global Crime},
volume={11},
number={3},
pages ={279--297},
year={2010},
publisher ={Taylor \& Francis}
}

@book{pieta1993pavilhao,
title ={{Pavilh{\~a}o 9: O Massacre do Carandiru}},
author={Piet{\'a}, El{\'o}i and Pereira, Justino},
year={1993},
publisher ={Scritta Editorial}
}

@article{darke2013inmate,
title ={{Inmate Governance in Brazilian Prisons}},
author={Darke, Sacha},
journal ={The Howard Journal of Criminal Justice},
volume={52},
number={3},
pages ={272--284},
year={2013},
publisher ={Wiley Online Library}
}

@article{ferreira2012massacre,
title ={{Massacre do Carandiru: Vinte anos sem responsabiliza{\c{c}}{\~a}o}},
author={Ferreira, Luisa and Machado, Marta R de A and Machado, Ma{\'\i}ra Rocha},
journal ={Novos Estudos CEBRAP},
number={94},
pages ={05--29},
year={2012},
publisher ={SciELO Brasil}
}

@book{varella1999estaccao,
title ={{Esta{\c{c}}{\~a}o Carandiru}},
author={Varella, Drauzio},
year={1999},
publisher ={Companhia das Letras S{\~a}o Paulo}
}

@article{fonseca1999direitos,
title ={{Direitos dos Mais e Menos Humanos}},
author={Fonseca, Claudia and Cardarello, Andrea},
journal ={Horizontes Antropol{\'o}gicos},
volume={10},
number={11},
year={1999},
publisher ={PPGAS/UFRGS Porto Alegre}
}

@article{da2009crime,
title ={{O Crime Organizado e Seus Recentes Ataques no Estado de S{\~a}o Paulo}},
author={Resende, Janaina and Aquotti, Marcus Vin{\'\i}cius F},
journal ={ETIC -- Encontro de Inicia\c{c}√£o Cient√≠fica},
volume={2},
number={2},
year={2009}
}

@article{adorno1991sistema,
title ={{Sistema Penitenci{\'a}rio no Brasil: Problemas e Desafios}},
author={Adorno, S{\'e}rgio},
journal ={Revista USP},
number={9},
year={1991}
}

@article{cruz2013recent,
title ={{Recent Path of Penitentiary Policy in Brazil: The Case of S{\~a}o Paulo}},
author={Cruz, Marcus Vinicius Gon{\c{c}}alves da and Souza, Let{\'\i}cia Godinho de and Batitucci, Eduardo Cerqueira},
journal ={Revista de Administra{\c{c}}{\~a}o P{\'u}blica},
volume={47},
number={5},
pages ={1307--1325},
year={2013},
publisher ={SciELO Brasil}
}

@article{salla2007montoro,
title ={{De Montoro a Lembo: As Pol{\'\i}ticas Penitenci{\'a}rias em S{\~a}o Paulo}},
author={Salla, Fernando},
journal ={Revista Brasileira de Seguran{\c{c}}a P{\'u}blica},
volume={1},
number={1},
year={2007}
}

@article{arns1985brasil,
title ={{Brasil: Nunca Mais}},
author={Arns, Paulo Evaristo},
year={1985},
publisher ={Vozes}
}

@book{gaspari2002envergonhada,
title ={{A Ditadura Envergonhada}},
author={Gaspari, Elio},
year={2002},
publisher ={Companhia das Letras}
}

@article{gaspari2002escancarada,
title ={{A Ditadura Escancarada}},
author={Gaspari, Elio},
journal ={Companhia das Letras},
year={2002}
}

@article{coimbra2001tortura,
title ={{Tortura Ontem e Hoje: Resgatando Uma Certa Hist{\'o}ria}},
author={Coimbra, Cec{\'\i}lia Maria Bou{\c{c}}as},
journal ={Psicologia Em Estudo},
volume={6},
number={2},
pages ={11--19},
year={2001},
publisher ={SciELO Brasil}
}

@article{fernandes2009reformulaccao,
title ={{A Reformula{\c{c}}{\~a}o da Doutrina de Seguran{\c{c}}a Nacional pela Escola Superior de Guerra no Brasil: A Geopol{\'\i}tica de Golbery do Couto e Silva}},
author={Fernandes, Ananda Sim{\~o}es},
journal ={Ant{\'\i}teses},
volume={2},
number={4},
year={2009}
}

@article{fico2004versoes,
title ={{Vers{\~o}es e Controv{\'e}rsias Sobre 1964 e a Ditadura Militar}},
author={Fico, Carlos},
journal ={Revista Brasileira de Hist{\'o}ria},
volume={24},
number={47},
pages ={29--60},
year={2004},
publisher ={SciELO Brasil}
}

@book{negrini2002enjaulado,
title ={{Enjaulado: O Amargo Relato de um Condenado pelo Sistema Penal}},
author={Negrini, Pedro Paulo},
year={2002},
publisher ={Gryphus}
}

@article{ahnen2003between,
title ={{Between Tyranny of the Majority and Liberty: The Persistence of Human Rights Violations under Democracy in Brazil}},
author={Ahnen, Ron},
journal ={Bulletin of Latin American Research},
volume={22},
number={3},
pages ={319--339},
year={2003},
publisher ={Wiley Online Library}
}

@article{matos2009lado,
title ={{O Lado Escuro do Capital Social: Implica{\c{c}}{\~o}es Sociais e Pol{\'\i}ticas}},
author={Matos, Heloiza},
journal ={L{\'\i}bero},
volume={12},
number={23},
pages ={53--62},
year={2009}
}

@article{viola2012memoria,
title ={{A Mem{\'o}ria de um Per{\'\i}odo e a Verdade da Hist{\'o}ria}},
author={Viola, Annes and Eduardo, Solon and Pires, Thiago Vieira},
journal ={Ci{\^e}ncias Sociais Unisinos},
volume={48},
number={2},
year={2012}
}

@article{zirker1988democracy,
title ={{Democracy and the Military in Brazil: Elite Accommodation in Cases of Torture}},
author={Zirker, Daniel},
journal ={Armed Forces \& Society},
volume={14},
number={4},
pages ={587--606},
year={1988},
publisher ={Sage Publications}
}

@article{bicudo2000unificaccao,
title ={{A Unifica{\c{c}}{\~a}o das Pol{\'\i}cias no Brasil}},
author={Bicudo, H{\'e}lio},
journal ={Estudos Avan{\c{c}}ados},
volume={14},
number={40},
pages ={91--106},
year={2000},
publisher ={SciELO Brasil}
}

@book{smith1997forced,
title ={{A Forced Agreement: Press Acquiescence to Censorship in Brazil}},
author={Smith, Anne-Marie},
year={1997},
publisher ={University of Pittsburgh Press}
}

@book{alves2014state,
title ={{State and Opposition in Military Brazil}},
author={Alves, Maria Helena Moreira},
year={2014},
publisher ={University of Texas Press}
}

@article{redigolo2012sistema,
title ={{Sistema Penitenci{\'a}rio e Seus Estigmas: O Caso Paulista}},
author={Red{\'i}golo, Natalia Carolina},
journal ={LEVS},
number={9},
year={2012}
}

@article{istiaisyah2001textual,
title ={{Textual Construction of a Nation: The Use of Merger and Separation}},
author={Istiaisyah bte Hussin, Dayang},
journal ={Asian Journal of Social Science},
volume={29},
number={3},
pages ={401--430},
year={2001},
publisher ={BRILL}
}

@article{noguchi2008universo,
title ={{Universo Moral de Jovens Internos da Febem}},
author={Noguchi, Nat{\'a}lia Felix de Carvalho and La Taille, Y de},
journal ={Cadernos de Pesquisa},
volume={38},
number={133},
pages ={11--40},
year={2008},
publisher ={SciELO Brasil}
}

@article{feltran2008legitimo,
title ={{O Leg{\'\i}timo em Disputa: As Fronteiras do Mundo do Crime nas Periferias de S{\~a}o Paulo}},
author={Feltran, Gabriel de Santis},
journal ={Dilemas},
volume={1},
number={1},
pages ={93--148},
year={2008}
}

@article{de2010crime,
title ={{Crime e Castigo na Cidade: Os Repert{\'o}rios da Justi{\c{c}}a e a Quest{\~a}o do Homic{\'\i}dio nas Periferias de S{\~a}o Paulo}},
author={Feltran, Gabriel},
journal ={{Caderno CRH}},
volume={23},
number={58},
year={2010}
}

@book{thompson1980questao,
title ={{A Quest{\~a}o Penitenci{\'a}ria}},
author={Thompson, Augusto},
year={1976},
publisher ={Forense}
}

@article{dias2009ocupando,
title ={{Ocupando as Brechas do Direito Formal: O PCC como Inst{\^a}ncia Alternativa de Resolu{\c{c}}{\~a}o de Conflitos}},
author={Dias, Camila Caldeira Nunes},
journal ={Dilemas},
volume={2},
number={4},
pages ={83--105},
year={2009}
}

@article{dias2009guerra,
title ={{Da Guerra \`{A} Gest{\~a}o: Trajet{\'o}ria do Primeiro Comando da Capital (PCC) nas Pris{\~o}es de S{\~a}o Paulo}},
author={Dias, Camila Caldeira Nunes},
journal ={Percurso},
pages ={79--96},
year={2009}
}

@article{passos2013defesa,
title ={{A Defesa da Institucionalidade e o PCC}},
author={Passos, Aline},
journal ={Ecopol{\'i}tica},
number={6},
year={2013}
}

@article{dullo2012biondi,
title ={{Biondi, Karina: Junto e Misturado: Uma Etnografia do PCC, S{\~a}o Paulo, Editora Terceiro Nome, 2010, 245pp.}},
author={Dullo, Eduardo},
journal ={Revista de Antropologia},
volume={54},
number={2},
year={2012}
}

@book{nozick1974anarchy,
title ={{Anarchy, State and Utopia}},
author={Nozick, Robert},
year={1974},
publisher ={Basic Books}
}

@book{buchanan1975limits,
title ={{The Limits of Liberty: Between Anarchy and Leviathan}},
author={Buchanan, James M},
year={1975},
publisher ={University of Chicago Press}
}

@article{skaperdas2001political,
title ={{The Political Economy of Organised Crime: Providing Protection when the State Does Not}},
author={Skaperdas, Stergios},
journal ={Economics of Governance},
volume={2},
number={3},
pages ={173--202},
year={2001},
publisher ={Springer}
}

@article{hobbes1985leviathan,
title ={{Leviathan, or The Matter, Forme and Power of a Common-Wealth Eccelesiasticall and Civill}},
author={Hobbes, Thomas},
year={{1651 [1985]}},
publisher ={Penguin Classics}
}

@article{skaperdas19973,
title ={{Gangs as Primitive States}},
author={Skaperdas, Stergios and Syropoulos, Constantinos},
journal ={The Economics of Organised Crime},
pages ={61},
year={1997},
publisher ={Cambridge University Press}
}

@article{bandiera2003land,
title ={{Land Reform, the Market for Protection, and the Origins of the Sicilian Mafia: Theory and Evidence}},
author={Bandiera, Oriana},
journal ={Journal of Law, Economics, and Organization},
volume={19},
number={1},
pages ={218--244},
year={2003},
publisher ={Oxford Univ Press}
}

@article{konrad2012market,
title ={{The Market for Protection and the Origin of the State}},
author={Konrad, Kai A and Skaperdas, Stergios},
journal ={Economic Theory},
volume={50},
number={2},
pages ={417--443},
year={2012},
publisher ={Springer}
}

@article{worrall2012prison,
title ={{Prison Gang Integration and Inmate Violence}},
author={Worrall, John L and Morris, Robert G},
journal ={Journal of Criminal Justice},
volume={40},
number={5},
pages ={425--432},
year={2012},
publisher ={Elsevier}
}

@book{tilly1985war,
title ={{War Making and State Making as Organized Crime}},
author={Tilly, Charles and Evans, Peter B and Rueschemeyer, Dietrich and Skocpol, Theda},
year={1985},
publisher ={Cambridge University Press}
}

@book{tilly1992coercion,
title ={{Coercion, Capital, and European States}},
author={Tilly, Charles},
year={1992},
publisher ={Blackwell Oxford}
}

@article{buchanan1973defense,
title ={{A Defense of Organized Crime}},
author={Buchanan, James M},
journal ={The economics of crime and punishment},
pages ={119--32},
year={1973},
publisher ={American Enterprise Institute for Public Policy Research}
}

@article{sobel2009youth,
title ={{Youth Gangs as Pseudo-Governments: Implications for Violent Crime}},
author={Sobel, Russell S and Osoba, Brian J},
journal ={Southern Economic Journal},
pages ={996--1018},
year={2009},
publisher ={JSTOR}
}

@book{varese2001russian,
title ={{The Russian Mafia: Private Protection in a New Market Economy}},
author={Varese, Federico},
year={2001},
publisher ={Oxford University Press}
}

@article{gond2009reconsidering,
title ={{Reconsidering Instrumental Corporate Social Responsibility through the Mafia Metaphor}},
author={Gond, Jean-Pascal and Palazzo, Guido and Basu, Kunal},
journal ={Business Ethics Quarterly},
volume={19},
number={1},
year={2009}
}

@article{farrington1992modern,
title ={{The Modern Prison as Total Institution? Public Perception versus Objective Reality}},
author={Farrington, Keith},
journal ={Crime \& Delinquency},
volume={38},
number={1},
pages ={6--26},
year={1992},
publisher ={Sage Publications}
}

@article{fong1991detection,
title ={{Detection of Prison Gang Development: An Empirical Assessment}},
author={Fong, Robert S and Buentello, Salvador},
journal ={Fed. Probation},
volume={55},
pages ={66},
year={1991},
publisher ={HeinOnline}
}

@book{wacquant1999prisons,
title ={{Les Prisons de la Mis{\`e}re}},
author={Wacquant, Lo{\"\i}c},
year={1999},
publisher ={Raisons d'agir}
}

@article{montandon2012sistema,
title ={{O sistema Penitenci{\'a}rio no Brasil}},
author={Montandon, Cacilda Lemos},
journal ={{Revista Jur{\'\i}dica}},
volume={7},
number={6},
year={2012}
}

@book{amorim2003cv,
title ={{CV--PCC: A Irmandade do Crime}},
author={Amorim, Carlos},
year={2003},
publisher ={Editora Record}
}

@book{coelho1987oficina,
title ={{A Oficina do Diabo: Crise e Conflitos no Sistema Penitenci{\'a}rio do Rio de Janeiro}},
author={Coelho, Edmundo Campos},
year={1987},
publisher ={Editora Espa{\c{c}}o e Tempo}
}

@article{dias2013organized,
title ={{Organized Crime in Brazilian Prisons: The Example of the PCC}},
author={Dias, Camila Nunes and Salla, Fernando},
year={2013},
journal ={International Journal of Criminology and Sociology},
volume={2},
number={1},
pages ={397--408}
}

@article{demedo2007,
title ={{Medo e Horror na Cobertura Jornal{\'\i}stica dos Ataques do PCC em S{\~a}o Paulo}},
author={de Oliveira, Lu{\'\i}s Ronaldo Vaca Alvarez},
journal ={{Logos}},
year={2007},
volume={26},
number={1},
pages ={133--146}
}

@book{paixao1987recuperar,
title ={{Recuperar ou Punir? Como o Estado Trata o Criminoso}},
author={Paix{\~a}o, Ant{\^o}nio Luiz},
year={1987},
publisher ={Cortez Editora}
}

@article{teixeira2009prisoes,
title ={{Pris{\~o}es da Exce{\c{c}}{\~a}o: Pol{\'\i}tica Penal e Penitenci{\'a}ria no Brasil Contempor{\^a}neo}},
author={Teixeira, Alessandra},
year={2009},
publisher ={Juru{\'a}}
}

@article{alvarez2013comissoes,
title ={{Das Comiss{\~o}es de Solidariedade ao Primeiro Comando da Capital em S{\~a}o Paulo}},
author={Alvarez, Marcos C{\'e}sar and Salla, Fernando and Dias, Camila Nunes},
journal ={Tempo Social},
volume={25},
number={1},
pages ={62},
year={2013},
publisher ={SciELO Brasil}
}

@article{bandiera2003land,
title ={{Land Reform, the Market for Protection, and the Origins of the Sicilian Mafia: Theory and Evidence}},
author={Bandiera, Oriana},
journal ={Journal of Law, Economics, and Organization},
volume={19},
number={1},
pages ={218--244},
year={2003},
publisher ={Oxford University Press}
}

@book{gambetta1996sicilian,
title ={{The Sicilian Mafia: The Business of Private Protection}},
author={Gambetta, Diego},
year={1996},
publisher ={Harvard University Press}
}

@ONLINE{feltran2012metodos,
author= {Gabriel Feltran},
title = {{Manter A Ordem nas Periferias de S\~{a}o Paulo: Coexist\^{e}ncia de Dispositivos Normativos na ``era PCC''}},
year= {2012},
url = {http://www.diagramaeditorial.com.br/namargem/wp-content/uploads/2014/02/feltran-05.pdf},
urldate = {2014-04-29}
}

@ONLINE{obs2007pcc,
author= {{Observat\'{o}rio de Imprensa}},
title = {{Rep\'{o}rter Diz Que Autoridades e M\'{i}dia Ocultaram PCC}},
year= {2007},
url = {http://www.observatoriodaimprensa.com.br/posts/view/reporter-diz-que-autoridades-e-midia-ocultaram-pcc},
urldate = {2014-05-29}
}

@ONLINE{bbc2012pcc,
author= {{BBC News}},
title = {{Sao Paulo Police at War with Prison Gang}},
year= {2012},
url = {http://www.bbc.co.uk/news/world-latin-america-19975877},
urldate = {2014-05-29}
}

@ONLINE{bbc2013pcc,
author= {{BBC Brasil}},
title = {{Amea\c{c}as \'{A} Copa Elevam Tens\~{a}o Entre o PCC e a Pol\'{i}cia}},
year= {2013},
url = {http://www.bbc.co.uk/portuguese/noticias/2013/10/131016_pcc_copa_lk_dg.shtml},
urldate = {2014-05-29}
}

@ONLINE{vanityfair2007pcc,
author= {{Vanity Fair}},
title = {{City of Fear}},
year= {2007},
url = {http://www.vanityfair.com/politics/features/2007/04/langewiesche200704},
urldate = {2014-05-25}
}

@ONLINE{secretariaassuntos2012populacaonegra,
author= {{Secretaria de Assuntos Estrat\'{e}gicos}},
title = {{Banco de Dados Mostra Situa\c{c}\~{a}o da Popula\c{c}\~{a}o Negra do Brasil}},
year= {2012},
url = {http://www.sae.gov.br/site/?p=11130#ixzz30X37qSuG},
urldate = {2014-04-29}
}

@ONLINE{sobel2010moregangs,
author= {Russell S. Sobel},
title = {{More Gangs, Less Crime}},
journal = {Library of Economics and Liberty},
year= {2010},
url = {http://www.econlib.org/library/Columns/y2010/Sobelgangs.html},
urldate = {2014-04-30}
}

@ONLINE{agenciabrasil2014prisaobrasil,
author= {{Ag\^{e}ncia Brasil}},
title = {{Popula\c{c}\~{a}o Carcer\'{a}ria do Brasil Aumentou Mais de 400\% em 20 Anos}},
year= {2014},
url = {http://agenciabrasil.ebc.com.br/geral/noticia/2014-03/populacao-carceraria-aumentou-mais-de-400-nos-ultimos-20-anos-no-brasil},
urldate = {2014-04-28}
}

@ONLINE{terra2001rebeliao,
author= {{Terra}},
title = {{Maior Pres\'{i}dio da Am\'{e}rica Latina Lidera a Maior Rebeli\~{a}o da Hist\'{o}ria do Brasil}},
year= {2001},
url = {http://www.terra.com.br/noticias/especial/pcc/pcc3.htm},
urldate = {2014-04-28}
}

@ONLINE{exame2014populacaocarceraria,
author= {{Exame}},
title = {{Popula\c{c}\~{a}o Carcer\'{a}ria Cresce Quase 30\% em Cinco Anos}},
year= {2014},
url = {http://exame.abril.com.br/brasil/noticias/populacao-carceraria-cresce-quase-30-em-cinco-anos},
urldate = {2014-04-28}
}

@ONLINE{brasildefato2013numeropresos,
author= {{Brasil de Fato}},
title = {{Com Maior Popula\c{c}\~{a}o Carcer\'{a}ria do Brasil, S\~{a}o Paulo Registra 15 mil Pris\~{o}es em Um Ano}},
year= {2013},
url = {http://www.brasildefato.com.br/node/25651},
urldate = {2014-04-28}
}

@ONLINE{congressoemfoco2014populacaocarceraria,
author= {{Congresso em Foco}},
title = {{Popula\c{c}\~{a}o Carcer\'{a}ria Cresce Seis Vezes em 22 Anos}},
year= {2014},
url = {http://congressoemfoco.uol.com.br/noticias/populacao-carceraria-cresce-seis-vezes-em-22-anos/},
urldate = {2014-04-28}
}

@ONLINE{congressoemfoco2006marcola,
author= {{Congresso em Foco}},
title = {{Como Marcola subiu no PCC}},
year= {2006},
url = {http://congressoemfoco.uol.com.br/noticias/como-marcola-subiu-no-pcc/},
urldate = {2014-04-28}
}

@ONLINE{uol2006pcc,
author= {{UOL Not\'{i}cias}},
title = {{Atentados do PCC Paralisam Maior Cidade do Pa\'{i}s}},
year= {2006},
url = {http://noticias.uol.com.br/ultnot/retrospectiva/2006/materias/pcc.jhtm},
urldate = {2014-04-28}
}


@ONLINE{defesanet2012estatutopcc,
author= {{Defesanet}},
title = {{PCC -- Novo Estatuto Sela Lei da Vingan\c{c}a}},
year= {2012},
url = {http://www.defesanet.com.br/mout/noticia/7056/PCC---Novo-estatuto-sela-lei-da-vinganca},
urldate = {2014-04-28}
}

@ONLINE{folha2006fimataques,
author= {{Folha de S\~{a}o Paulo}},
title = {{C\'{u}pula do PCC Ordena Fim dos Ataques}},
year= {2006},
url = {http://www1.folha.uol.com.br/fsp/cotidian/ff1605200602.htm},
urldate = {2014-04-28}
}

@ONLINE{folha2012pendrive,
author= {{Folha de S\~{a}o Paulo}},
title = {{Arquivos Chegam \'{A} Pris\~{a}o Por Pen Drive}},
year= {2012},
url = {http://www1.folha.uol.com.br/fsp/cotidiano/69416-arquivos-chegam-a-prisao-por-pen-drive.shtml},
urldate = {2014-04-28}
}


@ONLINE{folha2006rebeliao,
author= {{Folha de S\~{a}o Paulo}},
title = {{Ap\'{o}s Uma Semana, Ataques Atribu\'{i}dos ao PCC Chegam a 299 em SP}},
year= {2006},
url = {http://www1.folha.uol.com.br/folha/cotidiano/ult95u121796.shtml},
urldate = {2014-04-28}
}

@ONLINE{folha2006cesinha,
author= {{Folha de S\~{a}o Paulo}},
title = {{Fundador do PCC \'{E} Assassinado Na pris\~{a}o}},
year= {2006},
url = {http://www1.folha.uol.com.br/fsp/cotidian/ff1408200609.htm},
urldate = {2014-04-28}
}

@ONLINE{estadao2013alckmin,
author= {{Estado de S\~{a}o Paulo}},
title = {{PCC Planeja Matar Governador Geraldo Alckmin, Revelam Escutas}},
year= {2012},
url = {http://sao-paulo.estadao.com.br/noticias/geral,pcc-planeja-matar-o-governador-geraldo-alckmin-revelam-escutas,1084657},
urldate = {2014-04-28}
}

@article{santos2010dimensao,
title ={{A Dimens{\~a}o Institucional do Crime Organizado e Novas Tecnologias: O Caso do PCC no Estado de Sergipe}},
author={Santos, Lu{\'\i}s Cl{\'a}udio Almeida},
journal ={Tomo},
number={17},
pages ={131--149},
year={2010}
}

@ONLINE{folha2006criada,
author= {{Folha de S\~{a}o Paulo}},
title = {{Fac\c{c}\~{a}o Criminosa PCC Foi Criada em 1993}},
year= {2006},
url = {http://www1.folha.uol.com.br/folha/cotidiano/ult95u121460.shtml},
urldate = {2014-04-28}
}

@ONLINE{folha2001estatutopcc,
author= {{Folha de S\~{a}o Paulo}},
title = {{Estatuto do PCC Prev\^{e} Rebeli\~{o}es Integradas}},
year= {2001},
url = {http://www1.folha.uol.com.br/folha/cotidiano/ult95u22521.shtml},
urldate = {2014-04-28}
}

@ONLINE{terra2008rebeliao,
author= {{Terra}},
title = {{Lembre Como Foram os Ataques de 2006 do PCC}},
year= {2008},
url = {http://noticias.terra.com.br/brasil/noticias/0,,OI2877546-EI5030,00-Lembre+como+foram+os+ataques+de+do+PCC.html},
urldate = {2014-04-28}
}

@ONLINE{istoe2013marcola,
author= {{Isto \'{E}}},
title = {{A Estranha Ascens\~{a}o de Marcola}},
year= {2013},
url = {http://www.terra.com.br/istoe-temp/edicoes/2087/imprime155568.htm},
urldate = {2014-04-28}
}

@ONLINE{insight2012pcc,
author= {{InSight Crime}},
title = {{Brazil's PCC Expanding Influence Throughout the Country}},
year= {2012},
url = {http://www.insightcrime.org/news-analysis/brazils-pcc-expanding-influence},
urldate = {2014-04-28}
}

@ONLINE{epoca2005marcola,
author= {{\'{E}poca}},
title = {{``Eu Posso Matar Voc\^{e}s'': Como Marcola -- Um \'{O}rf\~{a}o de Origem Humilde -- Se Tornou O Bandido Mais Temido do Pa\'{i}s}},
year= {2005},
url = {http://revistaepoca.globo.com/Revista/Epoca/0,,EDR74235-5990,00.html},
urldate = {2014-04-28}
}

@article{biondi2007relacoes,
title ={{Rela\c{c}\~{o}es Pol\'{i}ticas e Termos Criminosos: O PCC e uma Teoria do Irm\~{a}o-Rede}},
author={Karina Biondi},
journal ={{Teoria e Sociedade}},
year={2007},
volume={15},
number={2},
pages ={206--35}
}

@book{marques2012opportunities,
title ={{Opportunities and Deprivation in the Urban South: Poverty Segregation and Social Networks in S\~ao Paulo}},
author={Marques, Eduardo Cesar Le{\~a}o},
year={2012},
publisher ={Ashgate Publishing}
}

@article{chiavegatto2012cause,
title ={{Cause-Specific Mortality and Income Inequality in S{\~a}o Paulo, Brazil}},
author={Chiavegatto Filho, Alexandre Dias Porto and Gotlieb, Sabina L{\'e}a Davidson and Kawachi, Ichiro},
journal ={Revista de Sa{\'u}de P{\'u}blica},
volume={46},
number={4},
pages ={712--718},
year={2012},
publisher ={SciELO Public Health}
}

@article{adorno1993criminalidade,
title ={{A Criminalidade Urbana Violenta no Brasil: Um Recorte Tem{\'a}tico}},
author={Adorno, S{\'e}rgio},
journal ={Boletim Informativo e Bibliogr{\'a}fico de Ci{\^e}ncias Sociais},
number={35},
pages ={3--24},
year={1993}
}

@article{adorno1996racismo,
title ={{Racismo, Criminalidade Violenta e Justi{\c{c}}a Penal: R{\'e}us Brancos e Negros em Perspectiva Comparativa}},
author={Adorno, S{\'e}rgio},
journal ={Estudos Hist{\'o}ricos},
volume={9},
number={18},
pages ={283--300},
year={1996}
}

@article{waiselfisz2012mapa,
title ={{Mapa da Viol{\^e}ncia 2012: A Cor dos Homic{\'\i}dios no Brasil}},
author={Waiselfisz, Julio Jacobo},
year={2012},
publisher ={Presid{\^e}ncia da Rep{\'u}blica. Secretaria de Pol{\'\i}ticas de Promo{\c{c}}{\~a}o da Igualdade Racial}
}

@article{adorno1998prisoes,
title ={{Pris{\~o}es, Viol{\^e}ncia e Direitos Humanos no Brasil}},
author={Adorno, S{\'e}rgio},
journal ={Semin{\'a}rios dos Direitos},
year={1998}
}

@article{assis2008realidade,
title ={{A Realidade Atual do Sistema Penitenci{\'a}rio Brasileiro}},
author={Assis, Rafael Damaceno de},
journal ={Revista CEJ},
pages ={74--78},
year={2008}
}

@article{alves2014necropolis,
title={{From Necropolis to Blackpolis: Necropolitical Governance and Black Spatial Praxis in S{\~a}o Paulo, Brazil}},
author={Alves, Jaime Amparo},
journal={Antipode},
volume={46},
number={2},
pages={323--339},
year={2014},
publisher={Wiley Online Library}
}
